<?xml version="1.0" encoding="UTF-8"?>
<!DOCTYPE html PUBLIC "-//W3C//DTD XHTML 1.0 Transitional//EN"
    "http://www.w3.org/TR/xhtml1/DTD/xhtml1-transitional.dtd">
<html xmlns="http://www.w3.org/1999/xhtml" xml:lang="en" lang="en">
 <head>
  <title>
</title>
<meta http-equiv="Content-Type" content="text/html;charset=utf-8" />
  <meta name='ocr-system' content='tesseract 3.04.00' />
  <meta name='ocr-capabilities' content='ocr_page ocr_carea ocr_par ocr_line ocrx_word'/>
</head>
<body>
  <div class='ocr_page' id='page_1' title='image "./quaestionesflor00egengoog_0018.png"; bbox 0 0 4656 5778; ppageno 0'>
   <div class='ocr_carea' id='block_1_1' title="bbox 1083 1323 1141 1404">
    <p class='ocr_par' dir='ltr' id='par_1_1' title="bbox 1083 1323 1141 1404">
     <span class='ocr_line' id='line_1_1' title="bbox 1083 1323 1141 1404; baseline 0 0"><span class='ocrx_word' id='word_1_1' title='bbox 1083 1323 1141 1404; x_wconf 91' lang='lat' dir='ltr'>ll.</span> 
     </span>
    </p>
   </div>
   <div class='ocr_carea' id='block_1_2' title="bbox 196 1516 2024 4668">
    <p class='ocr_par' dir='ltr' id='par_1_2' title="bbox 196 1516 2024 4668">
     <span class='ocr_line' id='line_1_2' title="bbox 313 1516 2024 1604; baseline -0.001 -22"><span class='ocrx_word' id='word_1_2' title='bbox 313 1517 363 1582; x_wconf 90' lang='lat' dir='ltr'>Dc</span> <span class='ocrx_word' id='word_1_3' title='bbox 387 1516 471 1582; x_wconf 86' lang='lat' dir='ltr'>Flori</span> <span class='ocrx_word' id='word_1_4' title='bbox 496 1517 602 1581; x_wconf 83' lang='lat' dir='ltr'>verbis</span> <span class='ocrx_word' id='word_1_5' title='bbox 625 1518 830 1582; x_wconf 77' lang='lat' dir='ltr'>emendandis</span> <span class='ocrx_word' id='word_1_6' title='bbox 853 1517 982 1581; x_wconf 85' lang='lat' dir='ltr'>Iahnius</span> <span class='ocrx_word' id='word_1_7' title='bbox 1005 1519 1037 1582; x_wconf 92' lang='lat' dir='ltr'>in</span> <span class='ocrx_word' id='word_1_8' title='bbox 1061 1518 1197 1582; x_wconf 82' lang='lat' dir='ltr'>editione</span> <span class='ocrx_word' id='word_1_9' title='bbox 1222 1541 1279 1582; x_wconf 89' lang='lat' dir='ltr'>sua</span> <span class='ocrx_word' id='word_1_10' title='bbox 1295 1517 1421 1603; x_wconf 78' lang='lat' dir='ltr'>Lipsiae</span> <span class='ocrx_word' id='word_1_11' title='bbox 1445 1539 1471 1580; x_wconf 90' lang='lat' dir='ltr'>a.</span> <span class='ocrx_word' id='word_1_12' title='bbox 1488 1518 1516 1581; x_wconf 93' lang='lat' dir='ltr'>h.</span> <span class='ocrx_word' id='word_1_13' title='bbox 1534 1541 1563 1580; x_wconf 84' lang='lat' dir='ltr'>s.</span> <span class='ocrx_word' id='word_1_14' title='bbox 1586 1517 1646 1580; x_wconf 85' lang='lat' dir='ltr'>LII</span> <span class='ocrx_word' id='word_1_15' title='bbox 1670 1520 1702 1580; x_wconf 86' lang='lat' dir='ltr'>iri</span> <span class='ocrx_word' id='word_1_16' title='bbox 1725 1517 1884 1604; x_wconf 85' lang='lat' dir='ltr'>publicum</span> <span class='ocrx_word' id='word_1_17' title='bbox 1910 1519 2024 1582; x_wconf 84' lang='lat' dir='ltr'>emissa</span> 
     </span>
     <span class='ocr_line' id='line_1_3' title="bbox 202 1621 2022 1709; baseline 0.001 -23"><span class='ocrx_word' id='word_1_18' title='bbox 202 1624 245 1688; x_wconf 88' lang='lat' dir='ltr'>ita</span> <span class='ocrx_word' id='word_1_19' title='bbox 269 1623 430 1706; x_wconf 78' lang='lat' dir='ltr'>indicavit,</span> <span class='ocrx_word' id='word_1_20' title='bbox 454 1633 489 1687; x_wconf 91' lang='lat' dir='ltr'>ut</span> <span class='ocrx_word' id='word_1_21' title='bbox 512 1622 673 1687; x_wconf 78' lang='lat' dir='ltr'>codicibus</span> <span class='ocrx_word' id='word_1_22' title='bbox 696 1622 923 1688; x_wconf 89' lang='lat' dir='ltr'>recentioribus</span> <span class='ocrx_word' id='word_1_23' title='bbox 952 1624 1075 1687; x_wconf 88' lang='lat' dir='ltr'>omissis</span> <span class='ocrx_word' id='word_1_24' title='bbox 1098 1623 1366 1706; x_wconf 83' lang='lat' dir='ltr'>Bambergensem</span> <span class='ocrx_word' id='word_1_25' title='bbox 1391 1621 1531 1686; x_wconf 87' lang='lat' dir='ltr'>adhibito</span> <span class='ocrx_word' id='word_1_26' title='bbox 1563 1623 1617 1686; x_wconf 88' lang='lat' dir='ltr'>ubi</span> <span class='ocrx_word' id='word_1_27' title='bbox 1645 1623 1713 1686; x_wconf 89' lang='lat' dir='ltr'>lieri</span> <span class='ocrx_word' id='word_1_28' title='bbox 1746 1631 1850 1709; x_wconf 88' lang='lat' dir='ltr'>posset</span> <span class='ocrx_word' id='word_1_29' title='bbox 1878 1625 2022 1707; x_wconf 83' lang='lat' dir='ltr'>Iordane,</span> 
     </span>
     <span class='ocr_line' id='line_1_4' title="bbox 202 1727 2022 1816; baseline 0.001 -24"><span class='ocrx_word' id='word_1_30' title='bbox 202 1753 294 1816; x_wconf 90' lang='lat' dir='ltr'>quem</span> <span class='ocrx_word' id='word_1_31' title='bbox 318 1728 418 1794; x_wconf 80' lang='lat' dir='ltr'>mtdta</span> <span class='ocrx_word' id='word_1_32' title='bbox 440 1730 481 1793; x_wconf 87' lang='lat' dir='ltr'>ad</span> <span class='ocrx_word' id='word_1_33' title='bbox 505 1728 636 1794; x_wconf 86' lang='lat' dir='ltr'>verbum</span> <span class='ocrx_word' id='word_1_34' title='bbox 661 1752 702 1792; x_wconf 84' lang='lat' dir='ltr'>cx</span> <span class='ocrx_word' id='word_1_35' title='bbox 725 1727 818 1792; x_wconf 80' lang='lat' dir='ltr'>Floro</span> <span class='ocrx_word' id='word_1_36' title='bbox 843 1730 1048 1814; x_wconf 83' lang='lat' dir='ltr'>exscripsisse</span> <span class='ocrx_word' id='word_1_37' title='bbox 1078 1736 1218 1812; x_wconf 84' lang='lat' dir='ltr'>constat,</span> <span class='ocrx_word' id='word_1_38' title='bbox 1247 1729 1486 1792; x_wconf 86' lang='lat' dir='ltr'>fundamentmn</span> <span class='ocrx_word' id='word_1_39' title='bbox 1516 1751 1612 1792; x_wconf 85' lang='lat' dir='ltr'>verae</span> <span class='ocrx_word' id='word_1_40' title='bbox 1642 1728 1785 1792; x_wconf 87' lang='lat' dir='ltr'>lectionis</span> <span class='ocrx_word' id='word_1_41' title='bbox 1807 1730 2022 1793; x_wconf 74' lang='lat' dir='ltr'>restituendae</span> 
     </span>
     <span class='ocr_line' id='line_1_5' title="bbox 202 1833 2021 1922; baseline -0.001 -22"><span class='ocrx_word' id='word_1_42' title='bbox 202 1835 382 1900; x_wconf 86' lang='lat' dir='ltr'>habendmn</span> <span class='ocrx_word' id='word_1_43' title='bbox 405 1857 473 1898; x_wconf 91' lang='lat' dir='ltr'>esse</span> <span class='ocrx_word' id='word_1_44' title='bbox 503 1835 630 1898; x_wconf 88' lang='lat' dir='ltr'>diceret.</span> <span class='ocrx_word' id='word_1_45' title='bbox 676 1833 740 1898; x_wconf 83' lang='lat' dir='ltr'>Sed</span> <span class='ocrx_word' id='word_1_46' title='bbox 773 1834 822 1898; x_wconf 83' lang='lat' dir='ltr'>vel</span> <span class='ocrx_word' id='word_1_47' title='bbox 852 1835 1004 1922; x_wconf 80' lang='lat' dir='ltr'>optimtmr</span> <span class='ocrx_word' id='word_1_48' title='bbox 1045 1835 1187 1898; x_wconf 85' lang='lat' dir='ltr'>codicem</span> <span class='ocrx_word' id='word_1_49' title='bbox 1218 1857 1280 1898; x_wconf 92' lang='lat' dir='ltr'>non</span> <span class='ocrx_word' id='word_1_50' title='bbox 1310 1835 1481 1898; x_wconf 90' lang='lat' dir='ltr'>immunem</span> <span class='ocrx_word' id='word_1_51' title='bbox 1506 1855 1525 1897; x_wconf 92' lang='lat' dir='ltr'>a</span> <span class='ocrx_word' id='word_1_52' title='bbox 1548 1834 1634 1896; x_wconf 81' lang='lat' dir='ltr'>vitiis</span> <span class='ocrx_word' id='word_1_53' title='bbox 1658 1855 1736 1916; x_wconf 88' lang='lat' dir='ltr'>esse,</span> <span class='ocrx_word' id='word_1_54' title='bbox 1763 1855 1844 1920; x_wconf 87' lang='lat' dir='ltr'>quac</span> <span class='ocrx_word' id='word_1_55' title='bbox 1875 1836 2021 1899; x_wconf 86' lang='lat' dir='ltr'>emenda-</span> 
     </span>
     <span class='ocr_line' id='line_1_6' title="bbox 202 1937 2021 2027; baseline 0.001 -23"><span class='ocrx_word' id='word_1_56' title='bbox 202 1942 286 2004; x_wconf 85' lang='lat' dir='ltr'>tione</span> <span class='ocrx_word' id='word_1_57' title='bbox 309 1950 448 2024; x_wconf 79' lang='lat' dir='ltr'>egerent,</span> <span class='ocrx_word' id='word_1_58' title='bbox 472 1943 539 2004; x_wconf 88' lang='lat' dir='ltr'>sive</span> <span class='ocrx_word' id='word_1_59' title='bbox 563 1963 604 2004; x_wconf 89' lang='lat' dir='ltr'>cx</span> <span class='ocrx_word' id='word_1_60' title='bbox 627 1940 715 2003; x_wconf 91' lang='lat' dir='ltr'>libris</span> <span class='ocrx_word' id='word_1_61' title='bbox 738 1939 965 2026; x_wconf 84' lang='lat' dir='ltr'>antiquioribus</span> <span class='ocrx_word' id='word_1_62' title='bbox 989 1939 1143 2004; x_wconf 84' lang='lat' dir='ltr'>translata</span> <span class='ocrx_word' id='word_1_63' title='bbox 1166 1950 1271 2004; x_wconf 85' lang='lat' dir='ltr'>essent</span> <span class='ocrx_word' id='word_1_64' title='bbox 1294 1941 1360 2003; x_wconf 84' lang='lat' dir='ltr'>sive</span> <span class='ocrx_word' id='word_1_65' title='bbox 1384 1961 1425 2002; x_wconf 83' lang='lat' dir='ltr'>ex</span> <span class='ocrx_word' id='word_1_66' title='bbox 1448 1937 1568 2002; x_wconf 89' lang='lat' dir='ltr'>librarii</span> <span class='ocrx_word' id='word_1_67' title='bbox 1592 1939 1714 2002; x_wconf 89' lang='lat' dir='ltr'>incuria</span> <span class='ocrx_word' id='word_1_68' title='bbox 1736 1948 1819 2004; x_wconf 87' lang='lat' dir='ltr'>nata.</span> <span class='ocrx_word' id='word_1_69' title='bbox 1865 1939 1917 2004; x_wconf 86' lang='lat' dir='ltr'>Ad</span> <span class='ocrx_word' id='word_1_70' title='bbox 1941 1964 2021 2027; x_wconf 88' lang='lat' dir='ltr'>quae</span> 
     </span>
     <span class='ocr_line' id='line_1_7' title="bbox 202 2045 2022 2134; baseline 0.001 -25"><span class='ocrx_word' id='word_1_71' title='bbox 202 2047 467 2132; x_wconf 89' lang='lat' dir='ltr'>deprehendenda</span> <span class='ocrx_word' id='word_1_72' title='bbox 490 2055 584 2134; x_wconf 90' lang='lat' dir='ltr'>atque</span> <span class='ocrx_word' id='word_1_73' title='bbox 601 2046 738 2110; x_wconf 92' lang='lat' dir='ltr'>tollenda</span> <span class='ocrx_word' id='word_1_74' title='bbox 753 2047 918 2132; x_wconf 85' lang='lat' dir='ltr'>permagni</span> <span class='ocrx_word' id='word_1_75' title='bbox 932 2047 1084 2110; x_wconf 88' lang='lat' dir='ltr'>momenti</span> <span class='ocrx_word' id='word_1_76' title='bbox 1103 2067 1171 2110; x_wconf 89' lang='lat' dir='ltr'>csse</span> <span class='ocrx_word' id='word_1_77' title='bbox 1188 2045 1329 2110; x_wconf 84' lang='lat' dir='ltr'>codicem</span> <span class='ocrx_word' id='word_1_78' title='bbox 1345 2045 1559 2110; x_wconf 85' lang='lat' dir='ltr'>Nazarianum</span> <span class='ocrx_word' id='word_1_79' title='bbox 1574 2046 1679 2130; x_wconf 88' lang='lat' dir='ltr'>ipsum</span> <span class='ocrx_word' id='word_1_80' title='bbox 1694 2067 1818 2131; x_wconf 91' lang='lat' dir='ltr'>quoquc</span> <span class='ocrx_word' id='word_1_81' title='bbox 1835 2045 1959 2110; x_wconf 88' lang='lat' dir='ltr'>saeculo</span> <span class='ocrx_word' id='word_1_82' title='bbox 1975 2045 2022 2110; x_wconf 88' lang='lat' dir='ltr'>IX</span> 
     </span>
     <span class='ocr_line' id='line_1_8' title="bbox 203 2149 2021 2239; baseline 0 -25"><span class='ocrx_word' id='word_1_83' title='bbox 203 2153 363 2239; x_wconf 86' lang='lat' dir='ltr'>scriptum,</span> <span class='ocrx_word' id='word_1_84' title='bbox 386 2154 440 2239; x_wconf 92' lang='lat' dir='ltr'>qui</span> <span class='ocrx_word' id='word_1_85' title='bbox 464 2175 656 2238; x_wconf 89' lang='lat' dir='ltr'>quamquam</span> <span class='ocrx_word' id='word_1_86' title='bbox 680 2153 712 2214; x_wconf 93' lang='lat' dir='ltr'>in</span> <span class='ocrx_word' id='word_1_87' title='bbox 736 2153 918 2214; x_wconf 85' lang='lat' dir='ltr'>universum</span> <span class='ocrx_word' id='word_1_88' title='bbox 942 2152 1070 2215; x_wconf 87' lang='lat' dir='ltr'>inferior</span> <span class='ocrx_word' id='word_1_89' title='bbox 1099 2155 1189 2234; x_wconf 86' lang='lat' dir='ltr'>esset,</span> <span class='ocrx_word' id='word_1_90' title='bbox 1221 2158 1327 2215; x_wconf 86' lang='lat' dir='ltr'>tamen</span> <span class='ocrx_word' id='word_1_91' title='bbox 1355 2150 1440 2215; x_wconf 90' lang='lat' dir='ltr'>haud</span> <span class='ocrx_word' id='word_1_92' title='bbox 1469 2173 1573 2237; x_wconf 87' lang='lat' dir='ltr'>pauca</span> <span class='ocrx_word' id='word_1_93' title='bbox 1604 2151 1671 2214; x_wconf 87' lang='lat' dir='ltr'>sive</span> <span class='ocrx_word' id='word_1_94' title='bbox 1702 2173 1777 2214; x_wconf 88' lang='lat' dir='ltr'>casu</span> <span class='ocrx_word' id='word_1_95' title='bbox 1806 2152 1872 2214; x_wconf 87' lang='lat' dir='ltr'>sive</span> <span class='ocrx_word' id='word_1_96' title='bbox 1903 2149 2021 2216; x_wconf 82' lang='lat' dir='ltr'>librarii</span> 
     </span>
     <span class='ocr_line' id='line_1_9' title="bbox 200 2255 2020 2344; baseline -0.001 -21"><span class='ocrx_word' id='word_1_97' title='bbox 200 2259 365 2344; x_wconf 86' lang='lat' dir='ltr'>diligentia</span> <span class='ocrx_word' id='word_1_98' title='bbox 377 2260 494 2344; x_wconf 86' lang='lat' dir='ltr'>scripta</span> <span class='ocrx_word' id='word_1_99' title='bbox 507 2259 705 2342; x_wconf 84' lang='lat' dir='ltr'>servavisset,</span> <span class='ocrx_word' id='word_1_100' title='bbox 718 2279 798 2344; x_wconf 88' lang='lat' dir='ltr'>quae</span> <span class='ocrx_word' id='word_1_101' title='bbox 816 2257 849 2320; x_wconf 91' lang='lat' dir='ltr'>in</span> <span class='ocrx_word' id='word_1_102' title='bbox 861 2256 1091 2341; x_wconf 77' lang='lat' dir='ltr'>Banabergensi</span> <span class='ocrx_word' id='word_1_103' title='bbox 1108 2264 1257 2344; x_wconf 83' lang='lat' dir='ltr'>eonupta</span> <span class='ocrx_word' id='word_1_104' title='bbox 1273 2265 1443 2320; x_wconf 86' lang='lat' dir='ltr'>exstarent.</span> <span class='ocrx_word' id='word_1_105' title='bbox 1468 2255 1562 2336; x_wconf 75' lang='lat' dir='ltr'>Quod</span> <span class='ocrx_word' id='word_1_106' title='bbox 1578 2278 1769 2342; x_wconf 83' lang='lat' dir='ltr'>quamquam</span> <span class='ocrx_word' id='word_1_107' title='bbox 1789 2257 1822 2320; x_wconf 92' lang='lat' dir='ltr'>in</span> <span class='ocrx_word' id='word_1_108' title='bbox 1839 2257 2020 2321; x_wconf 82' lang='lat' dir='ltr'>tmiversmn</span> 
     </span>
     <span class='ocr_line' id='line_1_10' title="bbox 200 2360 2020 2450; baseline -0.001 -22"><span class='ocrx_word' id='word_1_109' title='bbox 200 2375 286 2428; x_wconf 90' lang='lat' dir='ltr'>recte</span> <span class='ocrx_word' id='word_1_110' title='bbox 309 2365 482 2428; x_wconf 91' lang='lat' dir='ltr'>iudicatum</span> <span class='ocrx_word' id='word_1_111' title='bbox 507 2387 574 2428; x_wconf 90' lang='lat' dir='ltr'>esse</span> <span class='ocrx_word' id='word_1_112' title='bbox 598 2386 690 2428; x_wconf 87' lang='lat' dir='ltr'>nemo</span> <span class='ocrx_word' id='word_1_113' title='bbox 722 2373 770 2426; x_wconf 87' lang='lat' dir='ltr'>est</span> <span class='ocrx_word' id='word_1_114' title='bbox 798 2363 852 2450; x_wconf 85' lang='lat' dir='ltr'>qui</span> <span class='ocrx_word' id='word_1_115' title='bbox 876 2371 986 2446; x_wconf 83' lang='lat' dir='ltr'>neget,</span> <span class='ocrx_word' id='word_1_116' title='bbox 1017 2370 1124 2426; x_wconf 74' lang='lat' dir='ltr'>tannen</span> <span class='ocrx_word' id='word_1_117' title='bbox 1146 2362 1292 2426; x_wconf 89' lang='lat' dir='ltr'>Iahnium</span> <span class='ocrx_word' id='word_1_118' title='bbox 1325 2363 1421 2425; x_wconf 90' lang='lat' dir='ltr'>nimio</span> <span class='ocrx_word' id='word_1_119' title='bbox 1444 2360 1689 2444; x_wconf 86' lang='lat' dir='ltr'>Bambergensis</span> <span class='ocrx_word' id='word_1_120' title='bbox 1720 2361 1823 2426; x_wconf 86' lang='lat' dir='ltr'>studio</span> <span class='ocrx_word' id='word_1_121' title='bbox 1854 2361 2020 2448; x_wconf 89' lang='lat' dir='ltr'>abreptum</span> 
     </span>
     <span class='ocr_line' id='line_1_11' title="bbox 201 2466 2019 2555; baseline -0.001 -22"><span class='ocrx_word' id='word_1_122' title='bbox 201 2471 282 2534; x_wconf 89' lang='lat' dir='ltr'>iusto</span> <span class='ocrx_word' id='word_1_123' title='bbox 312 2469 454 2555; x_wconf 88' lang='lat' dir='ltr'>pluribus</span> <span class='ocrx_word' id='word_1_124' title='bbox 483 2470 560 2534; x_wconf 93' lang='lat' dir='ltr'>locis</span> <span class='ocrx_word' id='word_1_125' title='bbox 590 2472 657 2534; x_wconf 87' lang='lat' dir='ltr'>eius</span> <span class='ocrx_word' id='word_1_126' title='bbox 692 2471 881 2554; x_wconf 89' lang='lat' dir='ltr'>scripturam</span> <span class='ocrx_word' id='word_1_127' title='bbox 912 2469 1091 2532; x_wconf 83' lang='lat' dir='ltr'>Nazariano</span> <span class='ocrx_word' id='word_1_128' title='bbox 1121 2467 1307 2555; x_wconf 89' lang='lat' dir='ltr'>praetulisse</span> <span class='ocrx_word' id='word_1_129' title='bbox 1339 2468 1375 2549; x_wconf 87' lang='lat' dir='ltr'>ii,</span> <span class='ocrx_word' id='word_1_130' title='bbox 1410 2469 1466 2554; x_wconf 90' lang='lat' dir='ltr'>qui</span> <span class='ocrx_word' id='word_1_131' title='bbox 1495 2466 1722 2553; x_wconf 86' lang='lat' dir='ltr'>posterioribus</span> <span class='ocrx_word' id='word_1_132' title='bbox 1751 2466 1944 2554; x_wconf 85' lang='lat' dir='ltr'>temporibus</span> <span class='ocrx_word' id='word_1_133' title='bbox 1979 2469 2019 2532; x_wconf 90' lang='lat' dir='ltr'>ad</span> 
     </span>
     <span class='ocr_line' id='line_1_12' title="bbox 201 2571 2019 2658; baseline -0.002 -19"><span class='ocrx_word' id='word_1_134' title='bbox 201 2577 344 2640; x_wconf 85' lang='lat' dir='ltr'>criticam</span> <span class='ocrx_word' id='word_1_135' title='bbox 367 2576 400 2638; x_wconf 91' lang='lat' dir='ltr'>in</span> <span class='ocrx_word' id='word_1_136' title='bbox 423 2577 450 2639; x_wconf 90' lang='lat' dir='ltr'><strong>F</strong></span> <span class='ocrx_word' id='word_1_137' title='bbox 452 2575 517 2640; x_wconf 91' lang='lat' dir='ltr'>loro</span> <span class='ocrx_word' id='word_1_138' title='bbox 540 2575 717 2640; x_wconf 88' lang='lat' dir='ltr'>faciendam</span> <span class='ocrx_word' id='word_1_139' title='bbox 740 2581 949 2654; x_wconf 85' lang='lat' dir='ltr'>accesserunt,</span> <span class='ocrx_word' id='word_1_140' title='bbox 973 2573 1064 2637; x_wconf 82' lang='lat' dir='ltr'>facile</span> <span class='ocrx_word' id='word_1_141' title='bbox 1088 2573 1319 2638; x_wconf 86' lang='lat' dir='ltr'>intellexerunt.</span> <span class='ocrx_word' id='word_1_142' title='bbox 1355 2571 1452 2636; x_wconf 84' lang='lat' dir='ltr'>Velut</span> <span class='ocrx_word' id='word_1_143' title='bbox 1475 2571 1560 2636; x_wconf 83' lang='lat' dir='ltr'>haud</span> <span class='ocrx_word' id='word_1_144' title='bbox 1583 2573 1628 2636; x_wconf 85' lang='lat' dir='ltr'>ita</span> <span class='ocrx_word' id='word_1_145' title='bbox 1650 2571 1748 2636; x_wconf 88' lang='lat' dir='ltr'>multo</span> <span class='ocrx_word' id='word_1_146' title='bbox 1771 2581 1842 2658; x_wconf 88' lang='lat' dir='ltr'>post</span> <span class='ocrx_word' id='word_1_147' title='bbox 1864 2573 2019 2655; x_wconf 85' lang='lat' dir='ltr'>Halmius,</span> 
     </span>
     <span class='ocr_line' id='line_1_13' title="bbox 201 2677 2018 2770; baseline -0.001 -26"><span class='ocrx_word' id='word_1_148' title='bbox 201 2703 390 2770; x_wconf 73' lang='lat' dir='ltr'>(quamquam</span> <span class='ocrx_word' id='word_1_149' title='bbox 422 2683 547 2744; x_wconf 90' lang='lat' dir='ltr'>omnino</span> <span class='ocrx_word' id='word_1_150' title='bbox 577 2703 648 2744; x_wconf 89' lang='lat' dir='ltr'>eum</span> <span class='ocrx_word' id='word_1_151' title='bbox 671 2681 783 2744; x_wconf 91' lang='lat' dir='ltr'>Iahnio</span> <span class='ocrx_word' id='word_1_152' title='bbox 807 2680 972 2763; x_wconf 89' lang='lat' dir='ltr'>consentit,</span> <span class='ocrx_word' id='word_1_153' title='bbox 1000 2679 1075 2765; x_wconf 90' lang='lat' dir='ltr'>quin</span> <span class='ocrx_word' id='word_1_154' title='bbox 1106 2680 1201 2742; x_wconf 87' lang='lat' dir='ltr'>etiam</span> <span class='ocrx_word' id='word_1_155' title='bbox 1231 2678 1322 2764; x_wconf 89' lang='lat' dir='ltr'>plura</span> <span class='ocrx_word' id='word_1_156' title='bbox 1350 2701 1446 2765; x_wconf 90' lang='lat' dir='ltr'>quam</span> <span class='ocrx_word' id='word_1_157' title='bbox 1469 2677 1520 2740; x_wconf 94' lang='lat' dir='ltr'>hic</span> <span class='ocrx_word' id='word_1_158' title='bbox 1552 2700 1593 2740; x_wconf 86' lang='lat' dir='ltr'>ex</span> <span class='ocrx_word' id='word_1_159' title='bbox 1615 2677 1843 2762; x_wconf 84' lang='lat' dir='ltr'>Bambergensi</span> <span class='ocrx_word' id='word_1_160' title='bbox 1872 2680 2018 2762; x_wconf 87' lang='lat' dir='ltr'>restituit,</span> 
     </span>
     <span class='ocr_line' id='line_1_14' title="bbox 201 2782 2018 2872; baseline -0.001 -22"><span class='ocrx_word' id='word_1_161' title='bbox 201 2797 306 2852; x_wconf 87' lang='lat' dir='ltr'>tamen</span> <span class='ocrx_word' id='word_1_162' title='bbox 328 2809 390 2850; x_wconf 90' lang='lat' dir='ltr'>non</span> <span class='ocrx_word' id='word_1_163' title='bbox 414 2809 475 2850; x_wconf 90' lang='grc' dir='ltr'>ιιιιο</span> <span class='ocrx_word' id='word_1_164' title='bbox 499 2785 566 2850; x_wconf 92' lang='lat' dir='ltr'>loco</span> <span class='ocrx_word' id='word_1_165' title='bbox 596 2785 636 2850; x_wconf 91' lang='lat' dir='ltr'>ad</span> <span class='ocrx_word' id='word_1_166' title='bbox 660 2787 873 2850; x_wconf 82' lang='lat' dir='ltr'>Nazarianum</span> <span class='ocrx_word' id='word_1_167' title='bbox 903 2785 1097 2849; x_wconf 81' lang='lat' dir='ltr'>redermdum</span> <span class='ocrx_word' id='word_1_168' title='bbox 1129 2807 1197 2848; x_wconf 88' lang='lat' dir='ltr'>esse</span> <span class='ocrx_word' id='word_1_169' title='bbox 1225 2785 1358 2872; x_wconf 88' lang='lat' dir='ltr'>putavit.</span> <span class='ocrx_word' id='word_1_170' title='bbox 1404 2784 1481 2846; x_wconf 90' lang='lat' dir='ltr'>Post</span> <span class='ocrx_word' id='word_1_171' title='bbox 1510 2805 1582 2846; x_wconf 91' lang='lat' dir='ltr'>enm</span> <span class='ocrx_word' id='word_1_172' title='bbox 1605 2782 1795 2847; x_wconf 86' lang='lat' dir='ltr'>Franziscus</span> <span class='ocrx_word' id='word_1_173' title='bbox 1818 2783 1957 2848; x_wconf 88' lang='lat' dir='ltr'>Koehler</span> <span class='ocrx_word' id='word_1_174' title='bbox 1986 2787 2018 2848; x_wconf 90' lang='lat' dir='ltr'>in</span> 
     </span>
     <span class='ocr_line' id='line_1_15' title="bbox 201 2887 2018 2976; baseline -0.001 -20"><span class='ocrx_word' id='word_1_175' title='bbox 201 2893 419 2958; x_wconf 83' lang='lat' dir='ltr'>dissertatione</span> <span class='ocrx_word' id='word_1_176' title='bbox 443 2891 646 2975; x_wconf 83' lang='lat' dir='ltr'>Gottingensi</span> <span class='ocrx_word' id='word_1_177' title='bbox 668 2915 695 2955; x_wconf 92' lang='lat' dir='ltr'>a.</span> <span class='ocrx_word' id='word_1_178' title='bbox 718 2892 747 2955; x_wconf 93' lang='lat' dir='ltr'>h.</span> <span class='ocrx_word' id='word_1_179' title='bbox 772 2914 793 2953; x_wconf 88' lang='lat' dir='ltr'>s.</span> <span class='ocrx_word' id='word_1_180' title='bbox 818 2889 918 2972; x_wconf 89' lang='lat' dir='ltr'>LXV,</span> <span class='ocrx_word' id='word_1_181' title='bbox 941 2911 1021 2976; x_wconf 90' lang='lat' dir='ltr'>quae</span> <span class='ocrx_word' id='word_1_182' title='bbox 1045 2889 1227 2954; x_wconf 88' lang='lat' dir='ltr'>inscribitur</span> <span class='ocrx_word' id='word_1_183' title='bbox 1249 2888 1511 2954; x_wconf 77' lang='lat' dir='ltr'>»Observationes</span> <span class='ocrx_word' id='word_1_184' title='bbox 1533 2889 1663 2951; x_wconf 88' lang='lat' dir='ltr'>criticae</span> <span class='ocrx_word' id='word_1_185' title='bbox 1686 2889 1719 2952; x_wconf 93' lang='lat' dir='ltr'>in</span> <span class='ocrx_word' id='word_1_186' title='bbox 1741 2887 1854 2954; x_wconf 88' lang='lat' dir='ltr'>Iulimn</span> <span class='ocrx_word' id='word_1_187' title='bbox 1874 2889 2018 2954; x_wconf 72' lang='lat' dir='ltr'>Flormns</span> 
     </span>
     <span class='ocr_line' id='line_1_16' title="bbox 200 2995 2018 3082; baseline -0.001 -22"><span class='ocrx_word' id='word_1_188' title='bbox 200 2997 250 3062; x_wconf 82' lang='lat' dir='ltr'>vel</span> <span class='ocrx_word' id='word_1_189' title='bbox 273 2999 499 3062; x_wconf 78' lang='lat' dir='ltr'>sententiarum</span> <span class='ocrx_word' id='word_1_190' title='bbox 523 2996 695 3061; x_wconf 90' lang='lat' dir='ltr'>rationibus</span> <span class='ocrx_word' id='word_1_191' title='bbox 719 2995 770 3059; x_wconf 89' lang='lat' dir='ltr'>vel</span> <span class='ocrx_word' id='word_1_192' title='bbox 791 2996 937 3060; x_wconf 89' lang='lat' dir='ltr'>dictionis</span> <span class='ocrx_word' id='word_1_193' title='bbox 965 2997 1166 3082; x_wconf 85' lang='lat' dir='ltr'>proprietate,</span> <span class='ocrx_word' id='word_1_194' title='bbox 1189 3017 1252 3082; x_wconf 91' lang='lat' dir='ltr'>qua</span> <span class='ocrx_word' id='word_1_195' title='bbox 1274 3017 1349 3058; x_wconf 88' lang='lat' dir='ltr'>usus</span> <span class='ocrx_word' id='word_1_196' title='bbox 1380 3003 1429 3058; x_wconf 89' lang='lat' dir='ltr'>est</span> <span class='ocrx_word' id='word_1_197' title='bbox 1452 2995 1573 3077; x_wconf 83' lang='lat' dir='ltr'>Florus,</span> <span class='ocrx_word' id='word_1_198' title='bbox 1595 3001 1768 3058; x_wconf 89' lang='lat' dir='ltr'>eonnnotus</span> <span class='ocrx_word' id='word_1_199' title='bbox 1791 2995 1962 3059; x_wconf 78' lang='lat' dir='ltr'>Nazariani</span> <span class='ocrx_word' id='word_1_200' title='bbox 1985 2998 2018 3059; x_wconf 95' lang='lat' dir='ltr'>in</span> 
     </span>
     <span class='ocr_line' id='line_1_17' title="bbox 200 3097 2017 3190; baseline -0.001 -22"><span class='ocrx_word' id='word_1_201' title='bbox 200 3103 354 3168; x_wconf 90' lang='lat' dir='ltr'>nonnullis</span> <span class='ocrx_word' id='word_1_202' title='bbox 376 3102 471 3168; x_wconf 88' lang='lat' dir='ltr'>rebus</span> <span class='ocrx_word' id='word_1_203' title='bbox 494 3104 719 3190; x_wconf 86' lang='lat' dir='ltr'>praestantiam</span> <span class='ocrx_word' id='word_1_204' title='bbox 742 3103 959 3166; x_wconf 89' lang='lat' dir='ltr'>demonstrare</span> <span class='ocrx_word' id='word_1_205' title='bbox 989 3110 1119 3164; x_wconf 86' lang='lat' dir='ltr'>conatus</span> <span class='ocrx_word' id='word_1_206' title='bbox 1143 3111 1198 3165; x_wconf 87' lang='lat' dir='ltr'>est.</span> <span class='ocrx_word' id='word_1_207' title='bbox 1244 3099 1409 3164; x_wconf 90' lang='lat' dir='ltr'>Nonnullis</span> <span class='ocrx_word' id='word_1_208' title='bbox 1438 3102 1528 3164; x_wconf 88' lang='lat' dir='ltr'>annis</span> <span class='ocrx_word' id='word_1_209' title='bbox 1552 3107 1624 3186; x_wconf 85' lang='lat' dir='ltr'>post</span> <span class='ocrx_word' id='word_1_210' title='bbox 1646 3097 1687 3184; x_wconf 85' lang='lat' dir='ltr'>(a.</span> <span class='ocrx_word' id='word_1_211' title='bbox 1714 3099 1813 3186; x_wconf 80' lang='lat'>1871)</span> <span class='ocrx_word' id='word_1_212' title='bbox 1836 3102 1920 3164; x_wconf 91' lang='lat' dir='ltr'>idem</span> <span class='ocrx_word' id='word_1_213' title='bbox 1943 3102 2017 3167; x_wconf 87' lang='lat' dir='ltr'>fecit</span> 
     </span>
     <span class='ocr_line' id='line_1_18' title="bbox 199 3204 2017 3296; baseline -0.001 -24"><span class='ocrx_word' id='word_1_214' title='bbox 199 3207 357 3296; x_wconf 78' lang='lat' dir='ltr'>Sauppius</span> <span class='ocrx_word' id='word_1_215' title='bbox 391 3210 424 3272; x_wconf 93' lang='lat' dir='ltr'>in</span> <span class='ocrx_word' id='word_1_216' title='bbox 458 3209 719 3272; x_wconf 86' lang='lat' dir='ltr'>commentatione</span> <span class='ocrx_word' id='word_1_217' title='bbox 750 3207 815 3270; x_wconf 81' lang='lat' dir='ltr'>»De</span> <span class='ocrx_word' id='word_1_218' title='bbox 846 3215 914 3270; x_wconf 79' lang='lat' dir='ltr'>arte</span> <span class='ocrx_word' id='word_1_219' title='bbox 949 3207 1060 3270; x_wconf 89' lang='lat' dir='ltr'>critica</span> <span class='ocrx_word' id='word_1_220' title='bbox 1094 3207 1126 3270; x_wconf 91' lang='lat' dir='ltr'>in</span> <span class='ocrx_word' id='word_1_221' title='bbox 1154 3205 1240 3269; x_wconf 90' lang='lat' dir='ltr'>Flori</span> <span class='ocrx_word' id='word_1_222' title='bbox 1272 3204 1362 3269; x_wconf 91' lang='lat' dir='ltr'>bellis</span> <span class='ocrx_word' id='word_1_223' title='bbox 1396 3214 1482 3270; x_wconf 90' lang='lat' dir='ltr'>recte</span> <span class='ocrx_word' id='word_1_224' title='bbox 1515 3205 1675 3268; x_wconf 74' lang='lat' dir='ltr'>faciendas</span> <span class='ocrx_word' id='word_1_225' title='bbox 1709 3206 1805 3270; x_wconf 88' lang='lat' dir='ltr'>iudici</span> <span class='ocrx_word' id='word_1_226' title='bbox 1841 3206 2017 3272; x_wconf 86' lang='lat' dir='ltr'>scholarum</span> 
     </span>
     <span class='ocr_line' id='line_1_19' title="bbox 200 3311 2018 3400; baseline -0.001 -22"><span class='ocrx_word' id='word_1_227' title='bbox 200 3314 456 3398; x_wconf 85' lang='lat' dir='ltr'>Gottingensium</span> <span class='ocrx_word' id='word_1_228' title='bbox 479 3316 666 3400; x_wconf 88' lang='lat' dir='ltr'>praemissa,</span> <span class='ocrx_word' id='word_1_229' title='bbox 696 3312 751 3376; x_wconf 91' lang='lat' dir='ltr'>ubi</span> <span class='ocrx_word' id='word_1_230' title='bbox 781 3313 980 3377; x_wconf 89' lang='lat' dir='ltr'>doctissimus</span> <span class='ocrx_word' id='word_1_231' title='bbox 1010 3311 1060 3376; x_wconf 91' lang='lat' dir='ltr'>ille</span> <span class='ocrx_word' id='word_1_232' title='bbox 1090 3313 1140 3374; x_wconf 79' lang='lat' dir='ltr'>vir</span> <span class='ocrx_word' id='word_1_233' title='bbox 1170 3319 1224 3375; x_wconf 74' lang='lat' dir='ltr'>arat</span> <span class='ocrx_word' id='word_1_234' title='bbox 1255 3311 1387 3375; x_wconf 86' lang='lat' dir='ltr'>ahorum</span> <span class='ocrx_word' id='word_1_235' title='bbox 1416 3313 1603 3398; x_wconf 83' lang='lat' dir='ltr'>scriptonun</span> <span class='ocrx_word' id='word_1_236' title='bbox 1632 3311 1817 3375; x_wconf 85' lang='lat' dir='ltr'>testimoniis</span> <span class='ocrx_word' id='word_1_237' title='bbox 1846 3313 1932 3376; x_wconf 90' lang='lat' dir='ltr'>nisus</span> <span class='ocrx_word' id='word_1_238' title='bbox 1963 3322 2018 3377; x_wconf 89' lang='lat' dir='ltr'>aut</span> 
     </span>
     <span class='ocr_line' id='line_1_20' title="bbox 199 3417 2017 3506; baseline -0.001 -23"><span class='ocrx_word' id='word_1_239' title='bbox 199 3419 285 3484; x_wconf 82' lang='lat' dir='ltr'>Flori</span> <span class='ocrx_word' id='word_1_240' title='bbox 308 3419 432 3483; x_wconf 89' lang='lat' dir='ltr'>dicendi</span> <span class='ocrx_word' id='word_1_241' title='bbox 457 3420 683 3484; x_wconf 88' lang='lat' dir='ltr'>consuetudine</span> <span class='ocrx_word' id='word_1_242' title='bbox 713 3429 800 3482; x_wconf 87' lang='lat' dir='ltr'>recte</span> <span class='ocrx_word' id='word_1_243' title='bbox 830 3427 996 3506; x_wconf 82' lang='lat' dir='ltr'>perspecta</span> <span class='ocrx_word' id='word_1_244' title='bbox 1019 3426 1074 3482; x_wconf 89' lang='lat' dir='ltr'>aut</span> <span class='ocrx_word' id='word_1_245' title='bbox 1095 3440 1201 3482; x_wconf 89' lang='lat' dir='ltr'>rerum</span> <span class='ocrx_word' id='word_1_246' title='bbox 1232 3440 1270 3481; x_wconf 91' lang='lat' dir='ltr'>ac</span> <span class='ocrx_word' id='word_1_247' title='bbox 1298 3417 1468 3482; x_wconf 75' lang='lat' dir='ltr'>verboruma</span> <span class='ocrx_word' id='word_1_248' title='bbox 1490 3425 1643 3480; x_wconf 84' lang='lat' dir='ltr'>contextu</span> <span class='ocrx_word' id='word_1_249' title='bbox 1670 3417 1784 3482; x_wconf 87' lang='lat' dir='ltr'>ductus</span> <span class='ocrx_word' id='word_1_250' title='bbox 1808 3417 1914 3482; x_wconf 89' lang='lat' dir='ltr'>multis</span> <span class='ocrx_word' id='word_1_251' title='bbox 1942 3418 2017 3482; x_wconf 90' lang='lat' dir='ltr'>loeis</span> 
     </span>
     <span class='ocr_line' id='line_1_21' title="bbox 199 3521 2016 3610; baseline -0.001 -20"><span class='ocrx_word' id='word_1_252' title='bbox 199 3526 370 3590; x_wconf 84' lang='lat' dir='ltr'>Nazariani</span> <span class='ocrx_word' id='word_1_253' title='bbox 394 3525 559 3588; x_wconf 89' lang='lat' dir='ltr'>lectionem</span> <span class='ocrx_word' id='word_1_254' title='bbox 581 3525 777 3589; x_wconf 88' lang='lat' dir='ltr'>retinendam</span> <span class='ocrx_word' id='word_1_255' title='bbox 802 3546 870 3587; x_wconf 88' lang='lat' dir='ltr'>esse</span> <span class='ocrx_word' id='word_1_256' title='bbox 886 3525 1016 3588; x_wconf 87' lang='lat' dir='ltr'>censuit.</span> <span class='ocrx_word' id='word_1_257' title='bbox 1062 3525 1174 3610; x_wconf 89' lang='lat' dir='ltr'>Neque</span> <span class='ocrx_word' id='word_1_258' title='bbox 1191 3532 1300 3608; x_wconf 86' lang='lat' dir='ltr'>postea</span> <span class='ocrx_word' id='word_1_259' title='bbox 1315 3522 1491 3606; x_wconf 89' lang='lat' dir='ltr'>defuenmt,</span> <span class='ocrx_word' id='word_1_260' title='bbox 1515 3523 1568 3608; x_wconf 90' lang='lat' dir='ltr'>qui</span> <span class='ocrx_word' id='word_1_261' title='bbox 1583 3522 1662 3586; x_wconf 86' lang='lat' dir='ltr'>alius</span> <span class='ocrx_word' id='word_1_262' title='bbox 1679 3521 1739 3587; x_wconf 89' lang='lat' dir='ltr'>alio</span> <span class='ocrx_word' id='word_1_263' title='bbox 1763 3523 1830 3588; x_wconf 92' lang='lat' dir='ltr'>loco</span> <span class='ocrx_word' id='word_1_264' title='bbox 1847 3525 2016 3588; x_wconf 84' lang='lat' dir='ltr'>Nazariani</span> 
     </span>
     <span class='ocr_line' id='line_1_22' title="bbox 200 3628 2015 3718; baseline 0.001 -26"><span class='ocrx_word' id='word_1_265' title='bbox 200 3634 388 3718; x_wconf 85' lang='lat' dir='ltr'>scripturam</span> <span class='ocrx_word' id='word_1_266' title='bbox 411 3631 458 3713; x_wconf 87' lang='lat' dir='ltr'>iis,</span> <span class='ocrx_word' id='word_1_267' title='bbox 482 3653 562 3718; x_wconf 90' lang='lat' dir='ltr'>quae</span> <span class='ocrx_word' id='word_1_268' title='bbox 585 3632 616 3694; x_wconf 93' lang='lat' dir='ltr'>in</span> <span class='ocrx_word' id='word_1_269' title='bbox 633 3630 862 3714; x_wconf 83' lang='lat' dir='ltr'>Bambergensi</span> <span class='ocrx_word' id='word_1_270' title='bbox 878 3629 1034 3714; x_wconf 78' lang='lat' dir='ltr'>legantur,</span> <span class='ocrx_word' id='word_1_271' title='bbox 1056 3629 1267 3715; x_wconf 79' lang='lat' dir='ltr'>praeferrent3</span> <span class='ocrx_word' id='word_1_272' title='bbox 1291 3636 1326 3692; x_wconf 93' lang='lat' dir='ltr'>ut</span> <span class='ocrx_word' id='word_1_273' title='bbox 1347 3629 1387 3692; x_wconf 86' lang='lat' dir='ltr'>de</span> <span class='ocrx_word' id='word_1_274' title='bbox 1411 3628 1480 3692; x_wconf 88' lang='lat' dir='ltr'>aliis</span> <span class='ocrx_word' id='word_1_275' title='bbox 1504 3635 1636 3711; x_wconf 86' lang='lat' dir='ltr'>taceam,</span> <span class='ocrx_word' id='word_1_276' title='bbox 1658 3631 1769 3714; x_wconf 89' lang='lat' dir='ltr'>paucis</span> <span class='ocrx_word' id='word_1_277' title='bbox 1785 3628 1900 3694; x_wconf 88' lang='lat' dir='ltr'>abhinc</span> <span class='ocrx_word' id='word_1_278' title='bbox 1924 3632 2015 3694; x_wconf 88' lang='lat' dir='ltr'>annis</span> 
     </span>
     <span class='ocr_line' id='line_1_23' title="bbox 199 3732 2014 3824; baseline -0.001 -24"><span class='ocrx_word' id='word_1_279' title='bbox 199 3737 382 3801; x_wconf 87' lang='lat' dir='ltr'>Theodorus</span> <span class='ocrx_word' id='word_1_280' title='bbox 398 3736 493 3824; x_wconf 81' lang='lat' dir='ltr'>Opitz</span> <span class='ocrx_word' id='word_1_281' title='bbox 518 3737 608 3823; x_wconf 88' lang='lat' dir='ltr'>quasi</span> <span class='ocrx_word' id='word_1_282' title='bbox 631 3736 789 3823; x_wconf 75' lang='lat' dir='ltr'>cqrtoddam</span> <span class='ocrx_word' id='word_1_283' title='bbox 814 3734 1010 3820; x_wconf 82' lang='lat' dir='ltr'>spicilegium</span> <span class='ocrx_word' id='word_1_284' title='bbox 1034 3736 1178 3799; x_wconf 88' lang='lat' dir='ltr'>criticum</span> <span class='ocrx_word' id='word_1_285' title='bbox 1202 3736 1234 3798; x_wconf 93' lang='lat' dir='ltr'>in</span> <span class='ocrx_word' id='word_1_286' title='bbox 1253 3733 1331 3798; x_wconf 88' lang='lat' dir='ltr'>lulio</span> <span class='ocrx_word' id='word_1_287' title='bbox 1348 3733 1441 3798; x_wconf 84' lang='lat' dir='ltr'>Floro</span> <span class='ocrx_word' id='word_1_288' title='bbox 1465 3734 1583 3797; x_wconf 87' lang='lat' dir='ltr'>faciens</span> <span class='ocrx_word' id='word_1_289' title='bbox 1601 3732 1803 3817; x_wconf 82' lang='lat' dir='ltr'>(Programm</span> <span class='ocrx_word' id='word_1_290' title='bbox 1826 3735 1882 3798; x_wconf 88' lang='lat' dir='ltr'>des</span> <span class='ocrx_word' id='word_1_291' title='bbox 1898 3734 2014 3819; x_wconf 77' lang='lat' dir='ltr'>lzh&#39;nigl.</span> 
     </span>
     <span class='ocr_line' id='line_1_24' title="bbox 199 3839 2013 3928; baseline -0.001 -22"><span class='ocrx_word' id='word_1_292' title='bbox 199 3843 426 3928; x_wconf 78' lang='lat' dir='ltr'>Gymnasimns</span> <span class='ocrx_word' id='word_1_293' title='bbox 449 3865 489 3905; x_wconf 89' lang='lat' dir='ltr'>zu</span> <span class='ocrx_word' id='word_1_294' title='bbox 511 3841 657 3905; x_wconf 81' lang='lat' dir='ltr'>Drasdea</span> <span class='ocrx_word' id='word_1_295' title='bbox 684 3841 783 3927; x_wconf 74' lang='grc'>1884)</span> <span class='ocrx_word' id='word_1_296' title='bbox 806 3839 923 3928; x_wconf 90' lang='lat' dir='ltr'>aliquot</span> <span class='ocrx_word' id='word_1_297' title='bbox 946 3840 1022 3904; x_wconf 90' lang='lat' dir='ltr'>locis</span> <span class='ocrx_word' id='word_1_298' title='bbox 1052 3863 1071 3904; x_wconf 91' lang='lat' dir='ltr'>a</span> <span class='ocrx_word' id='word_1_299' title='bbox 1100 3839 1257 3925; x_wconf 89' lang='lat' dir='ltr'>prioribus</span> <span class='ocrx_word' id='word_1_300' title='bbox 1286 3839 1438 3922; x_wconf 85' lang='lat' dir='ltr'>neglectis</span> <span class='ocrx_word' id='word_1_301' title='bbox 1467 3862 1577 3902; x_wconf 85' lang='lat' dir='ltr'>veram</span> <span class='ocrx_word' id='word_1_302' title='bbox 1609 3840 1770 3926; x_wconf 85' lang='lat' dir='ltr'>scriptoris</span> <span class='ocrx_word' id='word_1_303' title='bbox 1799 3862 1928 3904; x_wconf 80' lang='lat' dir='ltr'>mantua</span> <span class='ocrx_word' id='word_1_304' title='bbox 1959 3842 2013 3904; x_wconf 94' lang='lat' dir='ltr'>im-</span> 
     </span>
     <span class='ocr_line' id='line_1_25' title="bbox 199 3945 2014 4034; baseline -0.001 -23"><span class='ocrx_word' id='word_1_305' title='bbox 199 3949 308 4034; x_wconf 90' lang='lat' dir='ltr'>primis</span> <span class='ocrx_word' id='word_1_306' title='bbox 331 3970 401 4034; x_wconf 81' lang='lat' dir='ltr'>pag.</span> <span class='ocrx_word' id='word_1_307' title='bbox 428 3949 467 4012; x_wconf 86' lang='lat'>13</span> <span class='ocrx_word' id='word_1_308' title='bbox 491 3970 556 4034; x_wconf 87' lang='lat' dir='ltr'>sqq.</span> <span class='ocrx_word' id='word_1_309' title='bbox 580 3969 620 4010; x_wconf 87' lang='lat' dir='ltr'>cx</span> <span class='ocrx_word' id='word_1_310' title='bbox 644 3947 821 4010; x_wconf 84' lang='lat' dir='ltr'>Nazariano</span> <span class='ocrx_word' id='word_1_311' title='bbox 845 3947 989 4010; x_wconf 88' lang='lat' dir='ltr'>restituit.</span> <span class='ocrx_word' id='word_1_312' title='bbox 1042 3945 1171 4033; x_wconf 87' lang='lat' dir='ltr'>Optimo</span> <span class='ocrx_word' id='word_1_313' title='bbox 1201 3947 1285 4009; x_wconf 91' lang='lat' dir='ltr'>enim</span> <span class='ocrx_word' id='word_1_314' title='bbox 1313 3947 1380 4009; x_wconf 88' lang='lat' dir='ltr'>iure</span> <span class='ocrx_word' id='word_1_315' title='bbox 1410 3945 1461 4008; x_wconf 89' lang='lat' dir='ltr'>hic</span> <span class='ocrx_word' id='word_1_316' title='bbox 1490 3946 1612 4008; x_wconf 93' lang='lat' dir='ltr'>monuit</span> <span class='ocrx_word' id='word_1_317' title='bbox 1639 3967 1701 4008; x_wconf 93' lang='lat' dir='ltr'>non</span> <span class='ocrx_word' id='word_1_318' title='bbox 1733 3945 1829 4008; x_wconf 90' lang='lat' dir='ltr'>semel</span> <span class='ocrx_word' id='word_1_319' title='bbox 1865 3945 2014 4010; x_wconf 87' lang='lat' dir='ltr'>exhibere</span> 
     </span>
     <span class='ocr_line' id='line_1_26' title="bbox 201 4051 2014 4138; baseline -0.001 -22"><span class='ocrx_word' id='word_1_320' title='bbox 201 4053 411 4116; x_wconf 83' lang='lat' dir='ltr'>Nazariamnn</span> <span class='ocrx_word' id='word_1_321' title='bbox 439 4052 604 4115; x_wconf 88' lang='lat' dir='ltr'>lectionem</span> <span class='ocrx_word' id='word_1_322' title='bbox 634 4051 731 4116; x_wconf 93' lang='lat' dir='ltr'>nmlto</span> <span class='ocrx_word' id='word_1_323' title='bbox 762 4053 911 4116; x_wconf 87' lang='lat' dir='ltr'>rariorem</span> <span class='ocrx_word' id='word_1_324' title='bbox 949 4053 1245 4138; x_wconf 84' lang='lat' dir='ltr'>exquisitioremque</span> <span class='ocrx_word' id='word_1_325' title='bbox 1275 4073 1327 4134; x_wconf 88' lang='lat' dir='ltr'>ea,</span> <span class='ocrx_word' id='word_1_326' title='bbox 1372 4072 1452 4137; x_wconf 85' lang='lat' dir='ltr'>quae</span> <span class='ocrx_word' id='word_1_327' title='bbox 1482 4052 1677 4114; x_wconf 79' lang='lat' dir='ltr'>inveniretur</span> <span class='ocrx_word' id='word_1_328' title='bbox 1709 4053 1741 4114; x_wconf 93' lang='lat' dir='ltr'>in</span> <span class='ocrx_word' id='word_1_329' title='bbox 1769 4051 2014 4135; x_wconf 81' lang='lat' dir='ltr'>Bambcrgensi3</span> 
     </span>
     <span class='ocr_line' id='line_1_27' title="bbox 198 4155 2013 4246; baseline 0.001 -26"><span class='ocrx_word' id='word_1_330' title='bbox 198 4159 315 4246; x_wconf 81' lang='lat' dir='ltr'>iniuria</span> <span class='ocrx_word' id='word_1_331' title='bbox 342 4167 447 4222; x_wconf 88' lang='lat' dir='ltr'>autem</span> <span class='ocrx_word' id='word_1_332' title='bbox 477 4180 545 4221; x_wconf 87' lang='lat' dir='ltr'>esse</span> <span class='ocrx_word' id='word_1_333' title='bbox 576 4157 710 4240; x_wconf 86' lang='lat' dir='ltr'>factum,</span> <span class='ocrx_word' id='word_1_334' title='bbox 743 4158 828 4245; x_wconf 88' lang='lat' dir='ltr'>quod</span> <span class='ocrx_word' id='word_1_335' title='bbox 856 4159 887 4221; x_wconf 88' lang='lat' dir='ltr'>iu</span> <span class='ocrx_word' id='word_1_336' title='bbox 916 4159 1027 4220; x_wconf 88' lang='lat' dir='ltr'>critica</span> <span class='ocrx_word' id='word_1_337' title='bbox 1055 4157 1201 4221; x_wconf 88' lang='lat' dir='ltr'>facienda</span> <span class='ocrx_word' id='word_1_338' title='bbox 1231 4157 1384 4220; x_wconf 88' lang='lat' dir='ltr'>eiusmodi</span> <span class='ocrx_word' id='word_1_339' title='bbox 1415 4155 1565 4220; x_wconf 87' lang='lat' dir='ltr'>lectiones</span> <span class='ocrx_word' id='word_1_340' title='bbox 1588 4159 1748 4244; x_wconf 86' lang='lat' dir='ltr'>aspernati</span> <span class='ocrx_word' id='word_1_341' title='bbox 1778 4159 1840 4220; x_wconf 90' lang='lat' dir='ltr'>sint</span> <span class='ocrx_word' id='word_1_342' title='bbox 1870 4157 2013 4222; x_wconf 87' lang='lat' dir='ltr'>editores.</span> 
     </span>
     <span class='ocr_line' id='line_1_28' title="bbox 197 4261 2014 4351; baseline -0.001 -23"><span class='ocrx_word' id='word_1_343' title='bbox 197 4265 291 4344; x_wconf 69' lang='lat' dir='ltr'>Quod</span> <span class='ocrx_word' id='word_1_344' title='bbox 319 4271 406 4328; x_wconf 90' lang='lat' dir='ltr'>recte</span> <span class='ocrx_word' id='word_1_345' title='bbox 434 4264 573 4328; x_wconf 89' lang='lat' dir='ltr'>iudicare</span> <span class='ocrx_word' id='word_1_346' title='bbox 597 4264 758 4351; x_wconf 86' lang='lat' dir='ltr'>Opitzimn</span> <span class='ocrx_word' id='word_1_347' title='bbox 788 4264 952 4328; x_wconf 82' lang='lat' dir='ltr'>evidenter</span> <span class='ocrx_word' id='word_1_348' title='bbox 982 4265 1161 4351; x_wconf 88' lang='lat' dir='ltr'>nuperrime</span> <span class='ocrx_word' id='word_1_349' title='bbox 1189 4263 1438 4326; x_wconf 88' lang='lat' dir='ltr'>demonstratum</span> <span class='ocrx_word' id='word_1_350' title='bbox 1468 4269 1516 4325; x_wconf 87' lang='lat' dir='ltr'>est</span> <span class='ocrx_word' id='word_1_351' title='bbox 1546 4285 1566 4324; x_wconf 94' lang='lat' dir='ltr'>a</span> <span class='ocrx_word' id='word_1_352' title='bbox 1588 4261 1773 4326; x_wconf 82' lang='lat' dir='ltr'>lVoeltflino</span> <span class='ocrx_word' id='word_1_353' title='bbox 1800 4261 1935 4348; x_wconf 81' lang='lat' dir='ltr'>(Archiv</span> <span class='ocrx_word' id='word_1_354' title='bbox 1964 4264 2014 4327; x_wconf 79' lang='lat' dir='ltr'>fur</span> 
     </span>
     <span class='ocr_line' id='line_1_29' title="bbox 196 4365 2013 4455; baseline 0 -23"><span class='ocrx_word' id='word_1_355' title='bbox 196 4367 248 4433; x_wconf 88' lang='lat' dir='ltr'>lat.</span> <span class='ocrx_word' id='word_1_356' title='bbox 272 4367 349 4433; x_wconf 84' lang='lat' dir='ltr'>Lex.</span> <span class='ocrx_word' id='word_1_357' title='bbox 381 4392 411 4432; x_wconf 90' lang='lat' dir='ltr'>n.</span> <span class='ocrx_word' id='word_1_358' title='bbox 443 4368 549 4434; x_wconf 86' lang='lat' dir='ltr'>Gram.</span> <span class='ocrx_word' id='word_1_359' title='bbox 574 4369 620 4431; x_wconf 90' lang='lat' dir='ltr'>Vl</span> <span class='ocrx_word' id='word_1_360' title='bbox 649 4371 692 4455; x_wconf 78' lang='lat'>4).</span> <span class='ocrx_word' id='word_1_361' title='bbox 738 4367 871 4433; x_wconf 88' lang='lat' dir='ltr'>Duobus</span> <span class='ocrx_word' id='word_1_362' title='bbox 900 4369 983 4432; x_wconf 89' lang='lat' dir='ltr'>enim</span> <span class='ocrx_word' id='word_1_363' title='bbox 1012 4368 1102 4451; x_wconf 87' lang='lat' dir='ltr'>locis,</span> <span class='ocrx_word' id='word_1_364' title='bbox 1132 4367 1245 4455; x_wconf 90' lang='lat' dir='ltr'>quibus</span> <span class='ocrx_word' id='word_1_365' title='bbox 1267 4365 1381 4430; x_wconf 87' lang='lat' dir='ltr'>Florus</span> <span class='ocrx_word' id='word_1_366' title='bbox 1408 4368 1507 4431; x_wconf 87' lang='lat' dir='ltr'>utitur</span> <span class='ocrx_word' id='word_1_367' title='bbox 1536 4367 1692 4450; x_wconf 84' lang='lat' dir='ltr'>flagrandi</span> <span class='ocrx_word' id='word_1_368' title='bbox 1723 4367 1821 4432; x_wconf 91' lang='lat' dir='ltr'>verbo</span> <span class='ocrx_word' id='word_1_369' title='bbox 1850 4368 1883 4432; x_wconf 88' lang='grc' dir='ltr'>Π</span> <span class='ocrx_word' id='word_1_370' title='bbox 1913 4369 1961 4451; x_wconf 81' lang='lat'>18,</span> <span class='ocrx_word' id='word_1_371' title='bbox 1995 4371 2013 4432; x_wconf 82' lang='lat'>7</span> 
     </span>
     <span class='ocr_line' id='line_1_30' title="bbox 198 4472 2013 4562; baseline -0.001 -24"><span class='ocrx_word' id='word_1_372' title='bbox 198 4475 264 4560; x_wconf 76' lang='lat'>(54,</span> <span class='ocrx_word' id='word_1_373' title='bbox 287 4477 328 4539; x_wconf 77' lang='lat'>29</span> <span class='ocrx_word' id='word_1_374' title='bbox 358 4474 451 4562; x_wconf 86' lang='lat' dir='ltr'>lahn)</span> <span class='ocrx_word' id='word_1_375' title='bbox 461 4475 486 4562; x_wconf 86' lang='lat'>¹)</span> <span class='ocrx_word' id='word_1_376' title='bbox 509 4484 541 4537; x_wconf 90' lang='lat' dir='ltr'>ct</span> <span class='ocrx_word' id='word_1_377' title='bbox 570 4473 715 4556; x_wconf 83' lang='lat'>1115,3</span> <span class='ocrx_word' id='word_1_378' title='bbox 739 4473 871 4560; x_wconf 69' lang='lat' dir='ltr'>(stt),</span> <span class='ocrx_word' id='word_1_379' title='bbox 900 4475 1097 4538; x_wconf 88' lang='lat' dir='ltr'>Nazarianus</span> <span class='ocrx_word' id='word_1_380' title='bbox 1126 4473 1255 4538; x_wconf 87' lang='lat' dir='ltr'>exhibet</span> <span class='ocrx_word' id='word_1_381' title='bbox 1284 4472 1431 4554; x_wconf 59' lang='lat' dir='ltr'>deplere,</span> <span class='ocrx_word' id='word_1_382' title='bbox 1466 4495 1547 4558; x_wconf 89' lang='lat' dir='ltr'>quae</span> <span class='ocrx_word' id='word_1_383' title='bbox 1577 4473 1677 4536; x_wconf 84' lang='lat' dir='ltr'>forma</span> <span class='ocrx_word' id='word_1_384' title='bbox 1705 4473 1790 4560; x_wconf 89' lang='lat' dir='ltr'>apud</span> <span class='ocrx_word' id='word_1_385' title='bbox 1813 4474 2013 4557; x_wconf 85' lang='lat' dir='ltr'>Frontonem,</span> 
     </span>
     <span class='ocr_line' id='line_1_31' title="bbox 196 4577 2013 4668; baseline 0.001 -26"><span class='ocrx_word' id='word_1_386' title='bbox 196 4579 375 4666; x_wconf 79' lang='lat' dir='ltr'>Apuleium,</span> <span class='ocrx_word' id='word_1_387' title='bbox 390 4579 574 4662; x_wconf 88' lang='lat' dir='ltr'>Arnobium,</span> <span class='ocrx_word' id='word_1_388' title='bbox 590 4577 787 4666; x_wconf 87' lang='lat' dir='ltr'>Cyprianum</span> <span class='ocrx_word' id='word_1_389' title='bbox 811 4587 875 4643; x_wconf 90' lang='lat' dir='ltr'>tam</span> <span class='ocrx_word' id='word_1_390' title='bbox 899 4580 1046 4668; x_wconf 81' lang='lat' dir='ltr'>frequens</span> <span class='ocrx_word' id='word_1_391' title='bbox 1069 4589 1126 4663; x_wconf 89' lang='lat' dir='ltr'>est,</span> <span class='ocrx_word' id='word_1_392' title='bbox 1148 4587 1185 4642; x_wconf 90' lang='lat' dir='ltr'>ut</span> <span class='ocrx_word' id='word_1_393' title='bbox 1207 4577 1338 4643; x_wconf 88' lang='lat' dir='ltr'>dubium</span> <span class='ocrx_word' id='word_1_394' title='bbox 1362 4600 1424 4641; x_wconf 90' lang='lat' dir='ltr'>non</span> <span class='ocrx_word' id='word_1_395' title='bbox 1448 4579 1496 4661; x_wconf 89' lang='lat' dir='ltr'>sit,</span> <span class='ocrx_word' id='word_1_396' title='bbox 1516 4580 1592 4666; x_wconf 88' lang='lat' dir='ltr'>quin</span> <span class='ocrx_word' id='word_1_397' title='bbox 1616 4578 1820 4667; x_wconf 88' lang='lat' dir='ltr'>scriptoribus</span> <span class='ocrx_word' id='word_1_398' title='bbox 1844 4581 1928 4668; x_wconf 87' lang='lat' dir='ltr'>ipsis,</span> <span class='ocrx_word' id='word_1_399' title='bbox 1951 4603 2013 4644; x_wconf 92' lang='lat' dir='ltr'>non</span> 
     </span>
    </p>
   </div>
   <div class='ocr_carea' id='block_1_3' title="bbox 195 4809 2013 5052">
    <p class='ocr_par' dir='ltr' id='par_1_3' title="bbox 195 4809 2013 5052">
     <span class='ocr_line' id='line_1_32' title="bbox 322 4809 2013 4877; baseline 0.001 -17"><span class='ocrx_word' id='word_1_400' title='bbox 322 4813 339 4860; x_wconf 75' lang='grc' dir='ltr'>ἰ</span> <span class='ocrx_word' id='word_1_401' title='bbox 358 4817 412 4861; x_wconf 82' lang='grc' dir='ltr'>Ηιιι·</span> <span class='ocrx_word' id='word_1_402' title='bbox 437 4818 490 4861; x_wconf 88' lang='lat' dir='ltr'>luco</span> <span class='ocrx_word' id='word_1_403' title='bbox 517 4829 544 4860; x_wconf 67' lang='lat' dir='ltr'>ea</span> <span class='ocrx_word' id='word_1_404' title='bbox 564 4815 701 4860; x_wconf 83' lang='lat' dir='ltr'>Woelltlirri</span> <span class='ocrx_word' id='word_1_405' title='bbox 721 4815 851 4860; x_wconf 87' lang='lat' dir='ltr'>collatione</span> <span class='ocrx_word' id='word_1_406' title='bbox 871 4837 901 4844; x_wconf 86' lang='lat'>—-</span> <span class='ocrx_word' id='word_1_407' title='bbox 922 4815 1034 4860; x_wconf 83' lang='lat' dir='ltr'>lalrnium</span> <span class='ocrx_word' id='word_1_408' title='bbox 1059 4817 1120 4874; x_wconf 76' lang='lat' dir='ltr'>tagit</span> <span class='ocrx_word' id='word_1_409' title='bbox 1140 4840 1171 4847; x_wconf 92' lang='lat'>—</span> <span class='ocrx_word' id='word_1_410' title='bbox 1190 4809 1324 4877; x_wconf 71' lang='lat' dir='ltr'>(tracians</span> <span class='ocrx_word' id='word_1_411' title='bbox 1348 4816 1442 4874; x_wconf 58' lang='lat' dir='ltr'>ligitur.</span> <span class='ocrx_word' id='word_1_412' title='bbox 1482 4817 1536 4860; x_wconf 82' lang='lat' dir='ltr'>Non</span> <span class='ocrx_word' id='word_1_413' title='bbox 1563 4825 1599 4862; x_wconf 76' lang='lat' dir='ltr'>est</span> <span class='ocrx_word' id='word_1_414' title='bbox 1619 4815 1719 4862; x_wconf 89' lang='lat' dir='ltr'>dubium</span> <span class='ocrx_word' id='word_1_415' title='bbox 1747 4816 1803 4873; x_wconf 84' lang='lat' dir='ltr'>quin</span> <span class='ocrx_word' id='word_1_416' title='bbox 1830 4815 1855 4860; x_wconf 90' lang='lat' dir='ltr'>in</span> <span class='ocrx_word' id='word_1_417' title='bbox 1881 4817 2013 4875; x_wconf 69' lang='lat' dir='ltr'>archetypo</span> 
     </span>
     <span class='ocr_line' id='line_1_33' title="bbox 195 4895 2013 4965; baseline -0.001 -15"><span class='ocrx_word' id='word_1_418' title='bbox 195 4905 313 4964; x_wconf 84' lang='lat' dir='ltr'>seriptum</span> <span class='ocrx_word' id='word_1_419' title='bbox 332 4904 404 4951; x_wconf 83' lang='lat' dir='ltr'>tuerit</span> <span class='ocrx_word' id='word_1_420' title='bbox 422 4897 560 4963; x_wconf 62' lang='lat' dir='ltr'>{rastrum</span> <span class='ocrx_word' id='word_1_421' title='bbox 581 4905 719 4962; x_wconf 84' lang='lat' dir='ltr'>corruptela</span> <span class='ocrx_word' id='word_1_422' title='bbox 737 4903 795 4948; x_wconf 89' lang='lat' dir='ltr'>inde</span> <span class='ocrx_word' id='word_1_423' title='bbox 815 4913 851 4948; x_wconf 82' lang='lat' dir='ltr'>est</span> <span class='ocrx_word' id='word_1_424' title='bbox 869 4909 931 4962; x_wconf 86' lang='lat' dir='ltr'>orta,</span> <span class='ocrx_word' id='word_1_425' title='bbox 951 4905 1016 4962; x_wconf 87' lang='lat' dir='ltr'>quod</span> <span class='ocrx_word' id='word_1_426' title='bbox 1035 4905 1123 4964; x_wconf 84' lang='lat' dir='ltr'>scriba,</span> <span class='ocrx_word' id='word_1_427' title='bbox 1142 4911 1170 4950; x_wconf 89' lang='lat' dir='ltr'>nt</span> <span class='ocrx_word' id='word_1_428' title='bbox 1186 4919 1214 4952; x_wconf 80' lang='lat' dir='ltr'>cx</span> <span class='ocrx_word' id='word_1_429' title='bbox 1234 4919 1276 4950; x_wconf 83' lang='lat' dir='ltr'>sna</span> <span class='ocrx_word' id='word_1_430' title='bbox 1295 4903 1417 4952; x_wconf 85' lang='lat' dir='ltr'>sententis</span> <span class='ocrx_word' id='word_1_431' title='bbox 1434 4895 1561 4965; x_wconf 62' lang='lat' dir='ltr'>[replens</span> <span class='ocrx_word' id='word_1_432' title='bbox 1580 4903 1718 4964; x_wconf 78' lang='lat' dir='ltr'>corrigeret,</span> <span class='ocrx_word' id='word_1_433' title='bbox 1737 4904 1831 4950; x_wconf 84' lang='lat' dir='ltr'>litterae</span> <span class='ocrx_word' id='word_1_434' title='bbox 1850 4919 1862 4950; x_wconf 92' lang='lat' dir='ltr'>r</span> <span class='ocrx_word' id='word_1_435' title='bbox 1881 4905 1986 4950; x_wconf 84' lang='lat' dir='ltr'>litteram</span> <span class='ocrx_word' id='word_1_436' title='bbox 2006 4907 2013 4950; x_wconf 91' lang='lat' dir='ltr'>t</span> 
     </span>
     <span class='ocr_line' id='line_1_34' title="bbox 195 4990 1153 5052; baseline 0.001 -14"><span class='ocrx_word' id='word_1_437' title='bbox 195 4993 373 5052; x_wconf 81' lang='lat' dir='ltr'>superscripsit,</span> <span class='ocrx_word' id='word_1_438' title='bbox 393 5007 453 5051; x_wconf 82' lang='lat' dir='ltr'>quae</span> <span class='ocrx_word' id='word_1_439' title='bbox 473 5000 559 5052; x_wconf 87' lang='lat' dir='ltr'>postea</span> <span class='ocrx_word' id='word_1_440' title='bbox 579 4991 637 5036; x_wconf 83' lang='lat' dir='ltr'>salso</span> <span class='ocrx_word' id='word_1_441' title='bbox 657 5005 702 5050; x_wconf 87' lang='lat' dir='ltr'>pro</span> <span class='ocrx_word' id='word_1_442' title='bbox 720 4991 729 5036; x_wconf 85' lang='lat' dir='ltr'>i</span> <span class='ocrx_word' id='word_1_443' title='bbox 748 4990 831 5036; x_wconf 82' lang='lat' dir='ltr'>habita</span> <span class='ocrx_word' id='word_1_444' title='bbox 850 4995 900 5049; x_wconf 81' lang='lat' dir='ltr'>est3</span> <span class='ocrx_word' id='word_1_445' title='bbox 921 4992 949 5038; x_wconf 88' lang='lat' dir='ltr'>et&#39;.</span> <span class='ocrx_word' id='word_1_446' title='bbox 970 4992 1059 5038; x_wconf 78' lang='lat' dir='ltr'>Archiv</span> <span class='ocrx_word' id='word_1_447' title='bbox 1078 4993 1111 5039; x_wconf 86' lang='lat' dir='ltr'>lV</span> <span class='ocrx_word' id='word_1_448' title='bbox 1131 4995 1153 5040; x_wconf 83' lang='grc'>9.</span> 
     </span>
    </p>
   </div>
   <div class='ocr_carea' id='block_1_4' title="bbox 1755 5109 1802 5170">
    <p class='ocr_par' dir='ltr' id='par_1_4' title="bbox 1755 5109 1802 5170">
     <span class='ocr_line' id='line_1_35' title="bbox 1755 5109 1802 5170; baseline 0 -21"><span class='ocrx_word' id='word_1_449' title='bbox 1755 5109 1802 5170; x_wconf 71' lang='lat'>2*</span> 
     </span>
    </p>
   </div>
   <div class='ocr_carea' id='block_1_5' title="bbox 0 0 2332 5778">
    <p class='ocr_par' dir='ltr' id='par_1_5' title="bbox 0 0 2332 5778">
     <span class='ocr_line' id='line_1_36' title="bbox 0 0 2332 5778; baseline 0 3"><span class='ocrx_word' id='word_1_450' title='bbox 0 0 2332 5778; x_wconf 95' lang='lat' dir='ltr'> </span> 
     </span>
    </p>
   </div>
  </div>
 </body>
</html>
