4656 5778
1018 408 1176 422 ....„..
1221 369 1241 436 a
1285 411 1443 422 m„

328 589 405 658 quas
428 565 558 636 Tacitus
589 567 715 658 scripsit
743 563 840 654 (Flor.
868 563 916 632 IV
942 569 991 654 12,
1015 569 1056 634 38
1090 567 1129 634 de
1159 591 1268 659 pagna
1294 567 1556 656 Teutoburgiensi
1586 568 1691 657 »signa
1722 579 1754 636 et
1784 566 1903 660 aquilas
1933 567 2013 638 (luas
2042 565 2144 636 adhuc

328 675 454 741 barbari
476 676 667 764 possidente:
690 677 764 742 Tac.
793 677 883 760 loo,
915 677 951 740 ll
985 675 1035 762 (L.
1069 677 1254 764 Stertinius)
1285 679 1427 766 repperit
1454 678 1709 744 undevicesimae
1744 677 1874 764 legionis
1903 677 2039 766 aquilam
2071 701 2143 742 oum

328 781 414 846 Varo
446 783 616 870 amissam),
643 803 833 870 magnopore
862 781 1041 846 rrrehereule
1072 785 1168 848 miror·
1201 805 1282 866 erun,
1316 786 1369 872 qui
1400 783 1505 849 Caroli
1534 785 1651 872 Heynii
1681 786 1931 850 dissertationem
1955 785 2021 848 »De
2051 783 2144 848 Floro

328 887 489 952 historico«
512 887 656 972 (Bonnae
682 887 780 974 1866)
802 889 934 971 noverit,
958 911 1020 975 qua
1043 891 1091 952 vir
1119 888 1170 953 ille
1193 891 1304 954 doctus
1327 891 1366 954 de
1389 890 1475 954 Flori
1498 892 1531 954 iu
1553 891 1648 955 rebus
1670 890 1826 956 historicis
1849 891 1910 955 lide
1933 913 1970 954 ao
1994 889 2144 973 religiono

326 993 462 1058 dilucide
486 996 566 1078 agit,
590 997 622 1058 iu
645 994 798 1058 eiusmodi
835 1016 869 1057 re
893 997 1031 1081 potuisse
1061 995 1226 1060 offendere.
1271 995 1345 1060 Alia
1367 1006 1473 1060 autern
1503 996 1663 1084 exempla,
1693 996 1806 1084 quibus
1841 995 1953 1060 Florus
1983 1019 2003 1060 a
2032 996 2143 1060 Tacito

327 1101 470 1164 dissentit
504 1102 537 1164 iu
565 1099 677 1164 'relius'
700 1101 872 1184 narrandis,
907 1101 1082 1185 Bieligkius
1123 1125 1185 1166 uon
1220 1101 1332 1168 attulit.
1389 1101 1508 1167 Contra
1536 1105 1631 1167 nimio
1662 1103 1694 1167 id
1728 1102 1812 1190 quod
1847 1102 1905 1166 sibi
1940 1109 2145 1190 proposuerat

327 1206 561 1270 demonstrandi
585 1206 687 1270 studio
711 1205 861 1293 abreptus
884 1207 998 1271 multas
1022 1230 1137 1294 easque
1153 1209 1335 1274 manifestos
1358 1209 1461 1272 Taciti
1485 1219 1516 1274 et
1539 1207 1625 1272 Flori
1648 1208 1868 1273 similitudines
1892 1217 1947 1272 aut
1974 1229 2037 1272 non
2068 1208 2144 1271 satis

326 1311 407 1374 bene
430 1313 592 1399 perspexit
615 1321 670 1375 aut
685 1313 809 1374 oruuino
824 1313 966 1400 ornisit.¹)
1000 1314 1091 1394 Quae
1115 1337 1187 1378 cum
1204 1316 1248 1378 ita
1263 1317 1333 1397 sint,
1356 1337 1396 1378 ne
1408 1315 1542 1379 tacendo
1565 1316 1789 1379 consentientis
1805 1316 1941 1401 speciem
1965 1313 2144 1402 praebeam,

326 1417 406 1482 hauc
431 1419 627 1482 occasionem
650 1439 753 1504 pauca
775 1440 899 1484 annuae
922 1419 1098 1484 scholarum
1122 1419 1265 1485 relationi
1288 1421 1447 1486 inserendi
1469 1443 1532 1485 nou
1554 1421 1866 1508 praetermittendam
1890 1421 2044 1500 existimo,
2067 1421 2142 1506 quin

327 1523 367 1588 ad
390 1547 457 1587 rom
480 1526 593 1588 itenun
609 1524 763 1588 accedens
787 1546 833 1605 ea,
857 1547 936 1610 quae
960 1527 992 1589 in
1015 1525 1102 1590 Flori
1124 1527 1261 1614 epitoma
1284 1527 1386 1590 Taciti
1409 1549 1484 1592 vere
1500 1527 1628 1614 propria
1651 1527 1862 1609 invenirmtur,
1885 1527 1917 1588 in
1940 1525 2029 1592 brevi
2052 1525 2141 1612 quasi

326 1637 497 1716 conspectu
520 1651 700 1718 proponam.
736 1627 785 1692 Ac
808 1632 922 1717 siquis
945 1654 996 1695 rue
1019 1631 1118 1696 rnrdta
1134 1633 1283 1717 omisisse,
1306 1654 1409 1720 pauca
1429 1633 1596 1714 addidisse,
1619 1631 1768 1696 nonnulla
1790 1631 1881 1694 aliter
1902 1632 2143 1718 interpretatum

328 1757 395 1798 esse
418 1736 566 1818 inveniet,
596 1737 775 1800 meminerit
797 1735 882 1819 illud,
899 1738 983 1825 quod
1005 1746 1053 1801 est
1075 1738 1259 1825 proverbio:
1283 1739 1365 1803 adies
1389 1739 1473 1802 diem
1495 1739 1611 1803 docet«.
1663 1739 1783 1802 Verum
1813 1739 1896 1800 eninr
1926 1758 1988 1800 nou
2020 1756 2145 1822 semper

325 1863 386 1904 uno
410 1841 580 1928 eodemque
596 1843 698 1928 primo
721 1843 840 1930 impetu
858 1845 997 1930 capitur3
1020 1866 1092 1908 curn
1115 1845 1148 1908 in
1170 1845 1389 1913 dissertatione
1413 1844 1504 1908 simul
1527 1844 1559 1908 id
1582 1865 1719 1926 agerem,
1742 1851 1777 1907 ut
1800 1841 1885 1906 Flori
1909 1850 1941 1906 et
1964 1865 2094 1906 casuum
2111 1848 2143 1904 et

323 1947 486 2012 modorcuu
508 1948 667 2033 syntaxim
691 1955 785 2034 atque
809 1949 990 2012 uuiverscun
1008 1949 1133 2014 dicendi
1157 1973 1258 2034 genus
1281 1949 1479 2032 illustrarem,
1501 1950 1534 2013 in
1557 1969 1674 2033 magna
1696 1947 1913 2036 exemplorum
1936 1950 2027 2034 copia
2049 1944 2140 2012 facile

323 2052 392 2116 fieri
414 2053 524 2140 potuit,
548 2061 666 2116 utnon
688 2053 832 2118 omuibus
855 2051 931 2118 locis
955 2061 1019 2120 tarn
1042 2056 1143 2144 plane,
1166 2079 1261 2144 quam
1291 2080 1349 2144 par
1371 2055 1437 2139 fuit,
1469 2054 1616 2138 eluceret,
1649 2055 1724 2142 quid
1747 2052 1859 2118 Florus
1882 2053 1960 2136 aliis,
1990 2053 2066 2140 quid
2089 2054 2142 2118 uni

324 2157 434 2222 Tacito
458 2157 574 2222 debere
602 2159 755 2224 videatur.
800 2157 935 2226 Accedit
961 2163 1045 2249 quod
1069 2163 1155 2228 bisce
1177 2164 1268 2227 annis
1291 2161 1536 2249 quaestionibus,
1567 2183 1646 2248 quas
1675 2159 1737 2224 viri
1766 2161 1850 2224 docti
1879 2161 2082 2224 instituerunt
2110 2161 2143 2222 in

322 2263 554 2349 ephemerides
567 2265 745 2330 Woelffliuo
763 2267 856 2350 edita,
870 2291 954 2354 quac
973 2268 1155 2333 inscribitur
1170 2267 1306 2333 »Archiv
1321 2269 1373 2332 fiir
1388 2267 1571 2332 lateinische
1584 2266 1841 2353 Lexikographie
1859 2264 1932 2330 und.
1941 2263 2141 2330 Grammatik

324 2371 382 2432 mit
403 2369 587 2436 Einschluss
611 2371 667 2435 des
691 2371 811 2436 ttltercn
833 2373 1066 2438 blittellateins«
1090 2375 1207 2440 multae
1230 2399 1289 2457 res,
1312 2397 1393 2462 quae
1423 2383 1517 2440 autea
1539 2375 1665 2438 omnino
1687 2372 1853 2454 latuerant,
1877 2378 1908 2434 et
1938 2371 1979 2435 ad
2001 2371 2143 2456 linguam

324 2473 453 2538 latinam
477 2476 510 2540 in
531 2478 714 2541 universrun
738 2487 770 2542 ct
793 2479 833 2542 ad
861 2480 1055 2564 singulorum
1079 2483 1268 2568 scriptorum
1291 2479 1419 2547 dicendi
1442 2503 1543 2565 genus
1566 2480 1760 2568 pertinentes
1782 2479 1815 2540 iu
1838 2475 1940 2540 luceru
1963 2483 2141 2564 protractae

324 2589 410 2662 sunt3
434 2603 514 2667 quae
537 2583 653 2646 ommia
675 2583 706 2647 in
729 2607 820 2648 usum
850 2607 901 2649 me
924 2594 1107 2650 convertere
1134 2609 1263 2650 necesse
1286 2587 1353 2650 fuit.
1399 2586 1493 2666 Quod
1516 2585 1542 2649 si
1565 2585 1723 2672 inpriore
1747 2583 2019 2646 commentationis
2049 2589 2139 2668 parte

324 2707 370 2769 ea,
393 2708 474 2772 quae
489 2687 619 2752 Tacitus
641 2711 681 2752 cx
705 2689 791 2754 Flori
813 2689 917 2756 libello
933 2693 1022 2780 quasi
1045 2717 1102 2757 sua
1125 2691 1185 2757 sibi
1206 2693 1368 2757 vindicare
1391 2693 1498 2779 possit,
1521 2714 1616 2778 quarn
1639 2690 1874 2754 accuratissime
1891 2688 2139 2774 exposuerimus,

324 2793 356 2854 iu
379 2791 479 2862 altera
501 2793 664 2860 nonnullos
687 2793 770 2859 locos
793 2819 1011 2884 proponemus,
1034 2798 1148 2886 quibus
1167 2801 1232 2864 sire
1255 2799 1404 2862 Taciteae
1427 2797 1609 2861 elocutionis
1633 2794 1834 2859 similitudine
1859 2796 1924 2858 sive
1948 2792 2016 2857 aliis
2039 2795 2143 2857 causis

324 2899 471 2962 commoti
494 2898 611 2985 aliquid
634 2901 674 2965 ad
697 2923 804 2966 veram
828 2901 993 2969 lectionem
1015 2905 1265 2970 constituendam
1289 2904 1399 2968 afferre
1422 2925 1513 2990 posse
1537 2901 1625 2966 nobis
1648 2901 1800 2965 videmur.

383 3045 581 3052 ---—--a.-—--
599 3046 746 3054 ..mm

467 3133 484 3188 ¹)
505 3137 539 3181 (ll.
561 3137 650 3184 Archiv
670 3138 707 3184 irlr
726 3139 766 3184 lat.
788 3139 983 3201 Loailcograplrie
1003 3143 1053 3188 trud
1074 3141 1226 3190 tlrurnmatik
1247 3141 1256 3186 l
1275 3145 1333 3190 310,
