4656 5778
653 1443 1118 1582 Quaestiones
1152 1443 1524 1557 Florianao.

285 1833 435 1896 Proximo
471 1856 552 1898 anno
575 1833 821 1918 Heidelbergam
854 1857 925 1898 curu
960 1837 1117 1900 venissem
1151 1835 1255 1922 ibique
1291 1837 1323 1898 in
1352 1833 1543 1899 bibliotheca
1570 1831 1716 1898 Palatina
1745 1832 1829 1897 Flori
1858 1833 1997 1898 codicem

177 1939 389 2002 Nazarianum
406 1940 601 2027 inspicerem,
622 1939 729 2004 rettuli
751 1964 801 2004 me
818 1941 865 2006 ad.
882 1941 985 2006 studia
1002 1940 1159 2023 Floriana,
1183 1964 1262 2028 quae
1275 1941 1414 2026 longiore
1430 1939 1595 2004 intervallo
1607 1940 1786 2003 intonuisse
1808 1961 1870 2002 nou
1894 1946 1999 2002 tamen

176 2047 301 2108 ornmno
331 2044 543 2129 neglexeram.
589 2047 699 2132 Neque
728 2047 827 2110 defuit
855 2047 932 2110 mihi
961 2069 1058 2111 caiisa
1088 2048 1127 2110 dc
1159 2047 1253 2111 Floro
1283 2046 1472 2134 disputandi.
1524 2046 1606 2110 Nam
1638 2067 1711 2109 cum
1741 2067 1823 2108 anuo
1855 2045 1939 2109 1882
1967 2047 2000 2108 iu

177 2151 395 2214 dissertatione
424 2173 496 2214 mea
524 2151 589 2214 »De
619 2150 712 2216 Floro
743 2151 889 2216 historico
920 2151 1117 2216 elocutionis·
1137 2153 1286 2217 Taciteae
1319 2155 1491 2216 imitatore«
1514 2151 1605 2215 huius
1642 2152 1802 2238 scriptoris
1840 2151 2000 2236 syntaxim

177 2277 366 2341 percenseas
388 2256 490 2320 Taciti
514 2267 546 2319 et
568 2258 687 2342 ingenii
705 2264 736 2321 et
759 2257 903 2321 dictionis
926 2260 958 2322 in
980 2256 1075 2322 Floro
1099 2260 1232 2342 vestigia
1255 2281 1364 2322 cruere
1388 2265 1518 2321 conatus
1542 2279 1652 2339 essem,
1680 2263 1790 2320 contra
1820 2278 1870 2319 me
1893 2256 1998 2342 dispu-
2081 2333 2082 2338 ¹

177 2361 256 2424 tavit
267 2361 422 2425 Emestus
439 2361 574 2445 Bieligk,
598 2365 651 2448 qui
674 2365 706 2426 in
726 2363 945 2427 dissertatione
964 2387 1021 2428 sua
1041 2363 1173 2430 Halensi
1195 2386 1278 2428 auno
1304 2365 1387 2428 1883
1411 2367 1443 2426 iu
1462 2362 1621 2450 publicum
1645 2363 1759 2426 emissa
1782 2361 1846 2425 »De
1870 2383 1999 2424 casuum

177 2469 304 2552 syntaxi
328 2490 347 2530 a
369 2467 463 2531 Floro
490 2468 638 2531 historico
661 2476 826 2555 usurpata«
850 2468 935 2532 Flori
959 2479 991 2533 et
1011 2470 1114 2534 Taciti
1145 2472 1177 2534 in
1207 2468 1313 2532 multis
1343 2468 1438 2533 rebus
1467 2467 1702 2532 similitudinem
1732 2467 1773 2532 ad
1803 2489 2001 2530 communem

177 2571 309 2636 aliorum
332 2575 519 2660 scriptorum
542 2575 695 2660 imprimis
718 2573 800 2638 Livii
824 2597 914 2638 risum
945 2577 1155 2640 revocandam
1179 2597 1249 2638 csse
1279 2577 1408 2638 censuit.
1455 2575 1527 2655 Qua
1555 2575 1644 2638 inre
1673 2574 1783 2656 negari
1813 2595 1875 2639 nou
1898 2579 2002 2658 potest

179 2700 280 2764 neque
304 2679 336 2742 id
359 2701 418 2764 ego
441 2680 566 2742 omuino
590 2679 810 2764 negaveram¹)
834 2679 962 2744 Florum
985 2681 1068 2745 Livii
1097 2680 1192 2745 libros
1216 2683 1358 2765 cognitos
1387 2679 1548 2760 habuisse3
1577 2701 1679 2766 neque
1709 2680 1792 2742 enim
1819 2679 1878 2742 hoc
1911 2676 2002 2742 aliter

179 2783 246 2847 lieri
269 2786 378 2870 potuit,
407 2807 479 2848 cum
503 2784 614 2848 Florus
643 2808 684 2848 cx
713 2785 793 2848 illins
824 2787 983 2872 historial)
1011 2811 1062 2851 res
1092 2794 1237 2852 narratas
1266 2785 1351 2850 velut
1383 2809 1424 2850 ex
1452 2785 1538 2849 fonte
1568 2785 1717 2870 haruiret
1749 2786 1815 2848 siue
1852 2785 1893 2888 ad
1923 2805 2001 2870 opus

178 2891 280 2976 ipsum
303 2889 381 2954 adiit
411 2891 486 2973 sive,
508 2899 544 2954 ut
566 2891 804 2974 Zangerneister
827 2893 1003 2978 suspicatus
1033 2901 1089 2976 est,
1121 2895 1148 2957 ei
1171 2902 1297 2980 praesto
1326 2893 1385 2956 fuit
1414 2891 1569 2978 antiquior
1598 2895 1630 2954 et
1659 2892 1692 2953 in
1721 2889 1877 2954 nonnullis
1905 2888 2000 2952 rebus

179 2996 345 3058 iruurutata
367 2995 449 3086 Livii
472 2995 654 3083 epitotnmg
677 2999 752 3083 quin
775 2998 879 3080 ctiam,
902 3021 963 3084 quo
987 2998 1167 3083 diligentius
1197 2999 1230 3062 in
1253 2997 1338 3062 Flori
1361 2997 1487 3062 dicendi
1517 3019 1618 3080 genus
1641 2996 1796 3082 inquisiti,
1828 3017 1865 3059 eo
1898 2996 2000 3078 inagis

177 3099 253 3164 milri
275 3103 417 3187 persuasi
440 3124 502 3165 nou
525 3101 624 3165 solum
647 3101 772 3166 Livium
795 3104 851 3167 sod
874 3105 969 3166 etiam
992 3103 1173 3168 Sallustium
1196 3111 1290 3191 atque
1320 3111 1428 3190 poetas
1451 3103 1604 3189 imprimis
1627 3100 1802 3184 Vergilium
1832 3109 1864 3164 et
1896 3100 1998 3187 Luca-

178 3229 254 3268 num
278 3205 376 3270 multo
398 3206 469 3294 plus
493 3206 628 3271 valuisse
652 3209 692 3272 ad
708 3208 794 3272 Flori
817 3209 1022 3274 elocutionem
1046 3211 1301 3274 confirmandam
1314 3231 1407 3296 quam
1431 3208 1714 3291 ingeniosissimum
1738 3207 1824 3271 illum
1846 3207 1999 3271 Tacitrun.

178 3311 268 3390 erac
293 3314 398 3376 omnia
420 3335 609 3400 quamquam
634 3315 700 3377 siue
724 3313 918 3378 dubitatione
941 3315 1088 3398 concedo,
1111 3323 1218 3378 tamen
1240 3314 1344 3380 facere
1367 3336 1430 3377 non
1456 3335 1593 3400 possum,
1617 3314 1692 3400 quin
1703 3311 1852 3396 Bieligkii
1875 3321 1999 3375 senten·

180 3417 255 3480 tiam
278 3415 318 3480 ab
342 3419 427 3480 omni
456 3427 546 3505 parte
576 3442 685 3484 veram
712 3443 779 3483 esse
808 3442 935 3504 negem:
965 3421 1191 3484 demonstravit
1215 3420 1344 3484 Florum
1371 3443 1448 3508 prae
1478 3418 1547 3482 aliis
1571 3419 1661 3483 Livio
1685 3420 1774 3482 utin
1805 3416 1900 3481 rebus
1929 3441 2000 3481 nar-

178 3522 286 3585 randis
310 3525 355 3586 ita
377 3524 411 3585 in
434 3525 572 3588 oratioue
596 3527 819 3589 coufonuauda
841 3549 932 3589 risum
956 3548 1032 3610 esso,
1055 3527 1088 3590 id
1110 3526 1193 3612 quod
1215 3548 1307 3589 ucmo
1331 3527 1363 3590 iu
1386 3525 1515 3589 dubium
1539 3526 1679 3607 vocavit3
1702 3525 1848 3588 Tacitruu
1877 3545 2000 3610 quoquc

181 3651 200 3690 a
224 3626 317 3692 Floro
342 3627 515 3693 lectitatum
539 3653 607 3693 esse
630 3653 692 3694 non
715 3631 872 3695 refutavit.
918 3632 1011 3712 Quod
1034 3634 1059 3694 si
1077 3631 1253 3716 Bieliglzius
1280 3632 1357 3694 dicit
1380 3629 1439 3692 sibi
1462 3629 1647 3716 persuaderi
1668 3651 1731 3693 tion
1753 3651 1845 3716 posse
1869 3627 1997 3691 Florum

179 3733 211 3794 in
235 3755 325 3796 suum
348 3757 438 3797 usum
469 3738 660 3799 corrvcrtissc
680 3737 783 3800 Taciti
813 3735 915 3818 libros,
940 3760 1013 3801 curn
1036 3736 1248 3823 compluribus
1270 3735 1346 3799 locis
1365 3737 1508 3820 ignarum
1529 3757 1561 3798 se
1586 3736 1730 3798 ostendat
1753 3757 1860 3798 earum
1885 3757 1999 3818 rerum,

183 3877 237 3882 .-...-
245 3877 463 3886 *qa-m
472 3880 603 3888 --·——-

285 3984 303 4040 ¹}
324 3988 353 4033 cf.
374 3988 429 4034 diss,
449 4004 504 4049 pag.
527 3992 548 4036 6λ

284 4071 302 4125 a,
323 4075 452 4136 Exemplis,
472 4092 533 4136 quae
551 4077 683 4138 Bieliglslus
702 4078 862 4138 compararit,
882 4078 997 4124 addenda
1016 4084 1087 4126 suut:
1108 4079 1160 4124 Lir.
1179 4079 1247 4124 xxti
1268 4081 1325 4138 aaa
1343 4078 1405 4124 aiam
1418 4093 1506 4136 magua
1525 4093 1553 4123 ex
1573 4083 1643 4138 parte
1656 4076 1731 4122 caesis
1749 4075 1809 4137 aliis,
1829 4075 1881 4122 aliis
1900 4074 2000 4122 circum·

180 4163 346 4222 spectantibus
364 4165 446 4223 fugam
464 4167 574 4212 Fabiana
593 4181 618 4212 se
637 4167 701 4212 acics
719 4173 819 4226 repento
837 4159 906 4212 velut
924 4160 995 4212 eaelo
1013 4159 1132 4212 demissa
1151 4168 1181 4212 ad
1201 4167 1316 4213 arruilium
1336 4167 1467 4213 ostendite.
1507 4168 1571 4212 rior.
1592 4165 1614 4210 ll
1635 4169 1657 4226 6,
1677 4166 1691 4210 u
1715 4165 1802 4223 rigitur
1822 4164 1864 4209 ubi
1882 4165 1956 4210 semel
1976 4179 2001 4208 so

178 4251 203 4296 iu
222 4251 340 4312 llispunln
359 4254 435 4299 movit
454 4255 494 4299 illa
512 4255 592 4311 gravis
607 4260 630 4300 ot
650 4256 759 4300 luctuosa
778 4255 864 4302 Ptuiici
886 4255 943 4302 belli
969 4256 1006 4300 ria
1023 4261 1096 4314 atque
1121 4261 1253 4315 tempestas
1273 4257 1468 4312 destinatumque
1487 4254 1605 4300 Romanis
1623 4255 1671 4299 iam
1698 4253 1738 4298 diu
1757 4253 1847 4299 fulmen
1867 4251 2001 4310 Saguntino

176 4338 232 4396 igue
245 4340 368 4400 conflavit,
387 4341 467 4387 statim
487 4343 592 4400 quodam
610 4342 704 4402 impetu
729 4349 800 4402 rupta
819 4345 910 4390 medius
928 4344 1044 4404 perfregit
1062 4344 1135 4404 Alpes
1163 4349 1187 4390 et
1212 4345 1238 4389 iu
1258 4343 1350 4390 ltaliam
1375 4342 1406 4388 ab
1433 4342 1480 4388 illis
1498 4342 1623 4388 fabulosae
1648 4341 1784 4387 altitudinis
1810 4340 1908 4386 mribus
1933 4331 2001 4385 velut

178 4419 249 4472 caelo
267 4420 356 4473 missa
376 4429 528 4476 dosceuditt.
550 4453 580 4459 —-
600 4431 653 4476 ltlb'.
674 4431 707 4476 lx
728 4433 751 4492 6,
773 4433 788 4476 6
812 4431 860 4476 »itu
879 4431 985 4477 traducti
1003 4432 1142 4489 subiugum
1161 4439 1193 4492 ot,
1219 4433 1285 4490 quod
1303 4446 1381 4492 paene
1399 4431 1499 4490 gravius
1524 4438 1585 4488 erat,
1611 4444 1654 4490 per
1680 4428 1787 4476 bostium
1806 4430 1889 4474 oculos
1914 4443 1969 4474 curn
1989 4444 2001 4473 c

177 4517 239 4562 saltu
259 4517 400 4578 evasissent,
419 4517 464 4564 etsi
481 4511 550 4564 vebat
568 4510 601 4564 ab
621 4511 721 4580 inferis
739 4513 918 4566 retractatum
938 4521 1035 4566 demum
1054 4520 1133 4568 lucem
1152 4521 1263 4580 aspicere
1281 4520 1326 4566 risi
1344 4526 1409 4578 auru,
1424 4526 1505 4565 tarnon
1527 4557 1531 4565 .
1553 4555 1558 4564 .
1580 4556 1583 4563 .
1608 4519 1686 4562 »rina
1701 4517 1722 4562 ll
1739 4519 1761 4576 6,
1783 4517 1813 4560 13
1838 4516 2000 4562 rl'crmiasum

178 4610 214 4650 est
232 4604 330 4651 iuterim
348 4605 467 4664 resplrure
486 4607 604 4652 Romanis
622 4611 646 4652 ot
664 4601 749 4668 quossi
765 4600 799 4653 ab
818 4599 918 4668 inseris
936 4617 1089 4668 caterpam«

283 4688 303 4744 ¹)
322 4693 411 4739 Mirum
430 4695 528 4752 quidem
547 4701 591 4756 est,
611 4695 676 4754 qutrd
695 4711 731 4755 ea,
750 4711 811 4755 quae
829 4697 895 4756 apud
916 4697 1016 4743 Florum
1041 4698 1052 4742 1
1074 4701 1096 4758 1,
1116 4699 1130 4742 2
1151 4699 1229 4755 (6,11
1251 4696 1276 4742 in
1295 4697 1378 4742 Julmil
1398 4695 1466 4748 odit)
1493 4709 1522 4740 ox
1541 4693 1672 4740 Naanriuui
1691 4693 1818 4754 scriptura,
1845 4707 1916 4752 quam
1934 4699 2001 4738 recta

177 4781 283 4828 restituit
299 4781 453 4828 Woelfflinus
472 4783 673 4841 (Plrilologisclter
690 4784 809 4842 Anzoiger
830 4787 894 4832 1881
911 4801 934 4846 p.
956 4783 1016 4836 166)
1035 4787 1150 4844 leguntur
1172 4785 1295 4832 'subiectus
1312 4784 1338 4830 in
1357 4785 1520 4846 profluentem
1540 4799 1591 4828 nou
1611 4783 1692 4843 potuit
1711 4781 1835 4840 extingui>
1851 4783 1924 4840 plane
1942 4793 1999 4825 con·

178 4869 287 4914 scirtiunt
306 4883 361 4915 cum
386 4870 422 4929 iis,
448 4886 509 4929 qnae
527 4873 593 4931 apud
618 4872 798 4930 Quintilianum
816 4875 850 4918 111
871 4876 893 4934 1,
914 4876 928 4920 2
948 4879 1058 4920 exstant:
1081 4873 1206 4920 »attactus
1224 4874 1248 4920 in
1262 4887 1297 4933 pr.
1318 4888 1342 4918 u¹
1363 4889 1386 4932 p.
1407 4881 1483 4932 extr,
1502 4885 1557 4918 cum
1571 4871 1656 4916 Livius
1674 4872 1684 4916 1
1704 4872 1727 4930 l,
1748 4871 1762 4914 5
1782 4885 1832 4914 rem
1851 4869 1886 4914 itu
1904 4873 2000 4914 inuret:

181 4957 230 5002 rita
258 4959 325 5003 volut
353 4958 461 5004 defuncti
486 4960 549 5017 regis
577 4959 678 5019 imperio
709 4961 734 5006 iu
762 4961 873 5020 proxima
899 4962 1005 5023 udlurie,
1037 4961 1078 5007 ubi
1106 4975 1172 5008 nunc
1200 4961 1259 5007 licus
1287 4961 1423 5006 Ruminalis
1442 4967 1478 5007 eat
1497 4983 1528 4990 ψ-
1549 4960 1702 5004 Romularem
1731 4962 1842 5002 vocatum
1868 4956 1950 5002 lerunt
1969 4977 2001 4984 -

178 5060 267 5108 pueros
287 5053 437 5108 exponuutr.

1774 5165 1789 5226 1
